1060 1431
513 80 622 96 -16-

142 124 226 141 descendit
238 124 310 141 delectus
322 124 407 141 verborum
425 125 445 141 ad
457 124 539 145 vulgarem
552 129 649 144 sermonem
667 129 716 145 saepe
731 129 794 146 quoque
806 125 887 142 delabitur
905 125 925 142 ad
938 125 1001 142 fluetu-

142 153 196 168 autem
209 152 285 168 cotidiani
304 152 383 168 sermonis
395 152 527 171 inconstantiam
545 156 612 168 severae
626 151 717 172 elegantiae
735 152 779 173 leges
796 152 843 168 modo
855 153 929 173 sparsim,
947 153 1001 169 modo

143 183 192 199 saepe
205 178 318 198 laeduntur·¹).
343 179 381 195 Tam
393 178 505 199 praeiudicata
517 178 536 195 de
552 179 632 199 elegantia
650 180 667 195 et
678 179 773 195 excellentia
785 179 864 199 Caesaris,
882 184 929 200 quem
947 184 1001 196 nemo

141 206 205 226 assequi
218 207 279 226 posset,
292 205 367 226 opinione
379 205 444 222 ductum
456 205 527 222 Hirtium
539 210 549 222 a
561 205 612 226 primo
625 205 709 222 consilium
721 206 783 226 cepisse
794 205 897 223 manifestum
909 208 935 223 est
942 206 1000 222 Balbo

143 233 211 253 petenti.
229 233 247 248 ut
259 232 333 249 Caesarie
349 232 472 249 commentarios
490 232 581 250 conficeret.
600 237 631 248 non
649 232 720 253 obsequi.
744 232 775 249 Sed
787 232 847 249 Balbus
865 235 962 253 perseverat
982 233 999 249 in

141 259 212 280 petendo
224 264 253 276 nec
265 259 317 275 minua
330 261 424 276 constanter
436 259 499 276 Hirtius
513 261 539 275 est
552 261 601 276 tenax
613 259 697 280 propositi,
716 260 744 276 sed
756 260 826 280 tandem,
844 264 864 276 ne
876 259 934 276 famam
947 260 999 277 inhu-

141 286 225 303 manitatis
237 287 254 303 et
265 286 360 306 asperitatis
375 286 418 307 apud
430 286 497 302 Balbum
515 286 587 306 colligat,
606 286 679 307 quamvis
696 287 753 303 anxius
765 287 864 307 pavidusque
882 287 935 304 animo
953 292 998 308 opus

141 313 241 333 aggreditur.
265 313 317 329 Tanta
329 313 425 329 difficultate
437 312 489 329 affecti
502 313 552 329 Hirtii
564 318 618 329 casum
630 313 687 334 utique
699 313 753 334 dolere
766 318 794 330 nos
806 315 876 334 oportet,
894 314 954 335 quippe
967 314 998 335 qui

140 340 192 356 Balbo
203 340 220 356 id
232 340 302 356 officium
313 341 398 360 praestare
410 342 483 361 cogatur,
501 340 553 356 altera
564 345 602 356 vero
620 345 639 356 ex
654 342 702 361 parte
714 340 803 362 intellegat,
821 340 853 357 sibl
867 345 907 361 prae
919 340 998 358 Caesaris

141 367 223 387 elegantia
235 367 363 384 mediocritatem
376 367 483 387 inertiamque
498 367 579 384 scribendi
596 372 632 384 esse
644 369 661 383 et
675 367 746 388 inopiam
757 368 848 389 argumenti
860 368 969 389 materiaeque
975 368 997 388 ¹).

141 395 160 410 ut
173 396 245 411 maestus
263 393 366 411 confiteatur:
384 394 429 410 ‘Mihi
443 398 463 410 ne
481 394 520 410 illud
536 394 599 414 quidem
616 394 679 414 accidit,
697 395 716 411 ιιι
730 394 837 411 Alexandrino
855 396 906 415 atque
919 395 996 411 Africano

142 420 185 437 bello
198 421 303 438 interessem?

222 448 244 464 Ut
256 448 287 464 iam
300 448 338 465 inde
350 448 441 464 coniectare
453 448 496 468 lieet,
514 448 590 468 quidnam
602 448 665 464 Hirtius
677 448 756 465 confitere
771 448 840 465 animum
853 449 936 465 induxerit
947 451 964 465 et
976 454 996 465 re

141 479 180 491 vera
192 474 280 491 confecisse
291 475 371 494 videatur,
384 476 438 491 tamen
450 475 544 495 priusquam
556 475 572 491 id
585 477 642 496 aperte
650 475 708 496 dicam,
720 475 760 492 haec
772 480 832 492 mecum
845 475 918 496 legentes
930 477 948 492 ut
955 480 995 492 cou-

141 502 214 518 siderent
231 506 265 518 oro.
288 501 359 518 Primum
377 501 427 522 igitur
445 506 476 518 non
493 502 561 518 multum
579 502 657 522 temporis
675 502 795 519 commentariis
807 502 881 519 Caesarie
899 503 995 523 supplendis

142 528 213 545 Hirtium
225 529 318 548 impendere
330 528 403 549 potuisse
415 531 488 549 apparet,
501 533 542 549 quae
555 533 581 545 res
592 530 625 545 tam
638 530 695 549 aperta
707 531 736 549 est,
752 530 770 545 ut
781 529 828 545 valde
840 529 894 549 mirer,
906 534 935 546 eur
946 530 962 546 in
974 534 1006 550 ea,

142 556 241 576 exquirenda
253 556 299 572 nimis
312 555 431 572 elaboraverint
442 555 524 576 philologi.
549 555 590 572 Nam
601 555 717 576 quaerentibus
728 556 792 577 quando
804 556 872 576 primum
885 557 898 572 is
910 561 951 577 opus
958 561 995 572 sna-

142 583 209 603 ceperit„
222 587 253 599 non
266 587 301 599 cum
313 584 365 599 morte
378 582 452 599 Caesaris
464 583 499 603 ipsa
514 583 530 599 id
542 582 601 599 factum
614 587 649 599 esse
661 583 696 599 sine
710 583 759 599 dubio
771 583 906 603 comprobandum
919 585 949 600 est.
971 583 994 599 Te

142 614 205 630 quoque
218 609 281 626 etiamsi
293 614 324 626 non
337 609 353 626 in
365 609 468 626 sanctissima
479 614 594 630 usquequaque
603 609 696 626 umbracula
708 614 773 626 causam
785 610 893 630 inquisiveris,
905 610 934 627 aed
943 610 995 627 obiter

142 636 189 653 modo
201 638 270 657 spectes,
288 641 307 653 ex
322 636 423 657 praefatione
438 636 514 653 Hirtiano
531 636 626 657 intellegere
641 638 685 657 puto,
704 637 762 653 Aulum
780 641 832 657 neque
849 637 901 657 ipsum
919 638 995 654 continuo

142 665 217 683 paratum
229 663 278 680 fuisse
291 668 342 684 neque
354 668 364 679 a
376 663 427 680 Balbo
439 665 505 684 petente
517 664 572 680 statim
585 665 680 680 commotum
693 668 734 684 esse,
746 666 764 680 ut
775 663 826 680 libros
838 664 922 684 scriberet,
935 664 994 685 quippe

142 690 170 711 qui
182 694 234 710 paene
251 690 296 706 nulla
314 694 336 710 re,
353 695 386 710 qua
403 690 491 711 scriptores
505 690 561 707 labore
576 691 673 711 negotioque
691 691 742 707 levari
754 690 812 710 solent.
830 690 940 707 adiuvaretur.
963 690 994 707 Sed

142 717 240 734 *assiduis
252 717 315 733 demum
327 717 398 734 vocibus‘
411 717 464 737 amici,
482 722 517 734 cnm
534 719 551 734 et
569 717 622 734 'totid'
634 722 664 734 nae
679 717 780 734 difficultatis
798 718 905 735 excusationis
920 719 938 734 et
950 722 994 734 recu-

143 744 216 760 sationis'
230 744 299 760 iteratae
311 749 346 760 eum
360 744 423 764 pigeret
435 749 464 761 nec
476 749 542 765 prorsus
554 749 574 761 ea
585 722 653 761 munitm
667 745 710 765 apud
722 744 790 761 Balbum
802 745 879 765 valerent,
893 746 958 761 coactus
970 746 995 761 est

141 771 215 792 quamvis
233 771 293 787 invitus
306 771 321 787 ei
333 770 451 791 obtemperare.
475 771 531 788 Nonne
543 771 593 792 igitur
605 771 707 788 manifestum
726 773 751 788 est
763 772 843 788 nonnullis
856 772 938 788 mensibus
950 773 995 792 post-

142 802 190 819 quam
202 797 262 814 Caesar
275 797 369 815 interfectus
384 799 424 818 erat,
443 798 500 814 Aulum
515 798 536 815 ad
548 798 649 815 scribendum
664 803 682 815 se
696 798 796 815 contulisse?
819 798 905 815 Difficilius
919 803 957 815 vero
969 800 995 815 est

142 825 239 845 discernere,
252 830 283 846 quo
296 826 368 846 tempore
377 825 458 845 inceptum
467 827 552 842 exsecutus
563 825 592 845 sit;
605 827 658 842 tamen
671 826 684 842 si
697 830 721 846 ea,
733 830 774 846 quae
786 826 806 842 ‹le
814 826 847 842 vita
859 826 894 842 eius
902 826 995 845 traduntur,

143 854 226 873 tamquam
234 852 250 868 in
259 852 321 868 trutina
328 852 450 869 accuratissime
458 852 571 873 deliberamus,
580 857 611 869 non
619 852 684 869 dubium
693 852 762 869 videtur.
781 853 803 869 Ac
811 853 880 873 primum
887 852 953 873 repudio
962 857 995 873 quo

142 879 195 895 minus
206 879 270 895 Hirtius
282 879 330 895 etiam
342 884 384 895 annu
397 879 417 895 43
430 879 446 895 ιιι
458 879 578 896 commentariis
590 879 694 896 conficiendis
707 881 794 900 occupatus
805 879 858 896 fuerit.
879 879 920 896 Nam
932 879 946 895 is
958 884 995 896 curn

143 911 162 922 ex
175 906 243 922 adversa
255 906 352 926 valetudine,
365 911 397 927 qua
408 907 480 922 extremo
492 911 534 923 anno
547 907 568 922 44
580 906 633 923 iuerat
645 908 733 927 correptus.
745 907 815 923 nondum
824 907 872 927 plane
880 906 996 926 convaluisset,

142 933 188 949 initio
203 933 241 949 anni
253 933 275 949 43
287 933 374 954 paludatus
391 933 412 949 ad
427 933 505 949 Mutinam
518 933 600 954 protectus
613 933 655 954 est')
673 933 728 954 ibique
739 938 794 950 mense
806 933 858 955 Aprili
876 938 912 950 cum
924 933 995 950 Antonio

142 964 238 981 congressus
250 960 266 976 in
278 960 312 976 acie
325 959 398 980 periit⁴);
412 961 498 980 praeterea
509 965 552 977 anuo
564 960 584 976 43
597 960 691 977 muneribus
705 960 776 977 consulis
788 960 852 977 functus
864 960 912 980 eat').
936 960 995 981 ltaque

142 992 174 1003 nou
186 987 254 1003 multum
267 987 344 1007 temporis
357 987 377 1003 ab
389 987 521 1007 occupationibus
533 987 626 1003 consulatus
643 988 660 1004 et
671 987 709 1004 belli
725 987 793 1004 liberum
805 987 932 1008 relinquebatur,
951 989 996 1004 certe

144 1018 176 1030 non
189 1015 257 1033 tantum.
275 1015 353 1034 quantum
365 1013 406 1030 satis
418 1013 492 1030 idoneum
505 1014 573 1030 videtur.
591 1019 622 1035 quo
634 1014 697 1030 Hirtius
713 1016 732 1030 ut
746 1014 778 1031 tiro
789 1015 805 1031 ιιι
818 1014 903 1031 scribendo
916 1014 997 1035 proficere

145 1041 183 1061 quid
196 1041 272 1061 potuerit*
296 1041 314 1057 ld
325 1041 339 1057 si
352 1040 418 1057 Caesari
432 1045 463 1057 nen
476 1041 564 1062 contigisse
575 1041 644 1061 videtur,
662 1042 681 1058 ut
698 1041 741 1058 iuter
758 1041 796 1058 belli
812 1041 902 1058 certamina
915 1046 996 1058 commen-

143 1068 194 1084 tarios
209 1068 314 1088 scriptitaret,
327 1069 388 1089 quanto
402 1068 456 1084 minus
467 1067 536 1088 Hirtius,
554 1068 571 1084 in
587 1068 696 1089 componendo
714 1069 809 1089 peregrinus
827 1070 844 1085 et
861 1068 925 1089 hospes,
944 1068 996 1084 idem—

143 1099 174 1115 que
189 1095 244 1111 consul
261 1095 379 1115 semiaegrotus
395 1095 475 1115 simulque
493 1095 545 1115 miles,
563 1095 579 1112 id
592 1095 663 1112 effecisse
675 1096 757 1116 putandus
769 1096 811 1112 erit?
833 1095 891 1112 Restat
902 1095 957 1116 igitur,
976 1097 996 1111 ut

143 1122 175 1138 iam
187 1126 229 1138 anno
241 1122 262 1138 44
274 1127 315 1142 epus
327 1121 421 1138 coniecerit>
442 1122 488 1142 Quod
500 1127 531 1139 non
544 1122 590 1143 prius
598 1127 646 1143 quam
654 1122 721 1139 Octobri
729 1127 784 1139 mense
796 1123 869 1139 evenisse
881 1122 931 1139 Hirtii
943 1122 994 1143 ipsius

144 1149 194 1165 verba
205 1151 275 1165 monent.
300 1149 340 1165 Nam
352 1149 395 1170 quod
407 1149 423 1165 in
436 1154 460 1169 ep.
473 1149 494 1166 ad
505 1149 551 1166 Balb.
564 1150 574 1170 ς
586 1150 596 1165 2
609 1154 626 1166 se
638 1149 713 1166 Caesaris
727 1150 850 1166 commentarios
865 1149 959 1170 perduxisse
970 1149 994 1165 ait

144 1176 200 1196 ‘usque
212 1176 233 1192 ad
245 1176 305 1192 exitum
317 1181 349 1193 neu
360 1176 428 1197 quidem
440 1176 492 1192 civilis
504 1176 614 1195 dissensionis,
628 1177 674 1193 cuius
685 1176 733 1193 finem
747 1176 809 1193 nullum
820 1177 897 1195 videmus,
912 1176 940 1193 sed
952 1176 995 1192 vitae

144 1202 228 1223 Caesaris,'
240 1203 260 1220 <le
272 1203 301 1220 illa
312 1203 413 1220 dissensione
425 1203 454 1219 hoc
466 1203 514 1220 modo
526 1205 560 1220 tum
572 1203 636 1220 demum
648 1203 680 1220 dici
688 1203 761 1224 potuisse
772 1205 817 1220 recte
828 1203 891 1224 opinari
903 1203 946 1223 licet,
959 1207 994 1219 tum

225 1267 235 1283 ι)
244 1265 344 1282 nmo-unck,
355 1265 364 1279 1.
371 1265 380 1279 1.
390 1269 412 1283 μς.
419 1266 441 1279 ει,
451 1273 468 1276 -
478 1265 489 1283 ι)
499 1265 519 1279 cr.
526 1269 549 1283 rs>
558 1266 573 1279 17
579 1267 613 1280 un.
620 1273 636 1276 -
644 1266 655 1283 ²)
665 1265 689 1279 oia
700 1265 735 1279 ran
743 1265 774 1282 vn,
783 1267 823 1282 4712.
833 1273 850 1276 -
859 1266 871 1283 ⁴)
880 1265 909 1280 cie.
919 1265 995 1281 cmxm

143 1289 158 1303 οι
168 1289 188 1303 ιε,
200 1296 214 1299 -
224 1289 235 1306 ·)
244 1288 310 1306 »oppeto
320 1288 341 1302 «ι.
351 1292 372 1306 pr.
380 1288 425 1305 orsas.
