<?xml version="1.0" encoding="UTF-8"?>
<!DOCTYPE html PUBLIC "-//W3C//DTD XHTML 1.0 Transitional//EN"
    "http://www.w3.org/TR/xhtml1/DTD/xhtml1-transitional.dtd">
<html xmlns="http://www.w3.org/1999/xhtml" xml:lang="en" lang="en">
 <head>
  <title>
</title>
<meta http-equiv="Content-Type" content="text/html;charset=utf-8" />
  <meta name='ocr-system' content='tesseract 3.04.00' />
  <meta name='ocr-capabilities' content='ocr_page ocr_carea ocr_par ocr_line ocrx_word'/>
</head>
<body>
  <div class='ocr_page' id='page_1' title='image "./curaehirtianaed00dahmgoog_0022.png"; bbox 0 0 1060 1431; ppageno 0'>
   <div class='ocr_carea' id='block_1_1' title="bbox 434 97 544 115">
    <p class='ocr_par' dir='ltr' id='par_1_1' title="bbox 434 97 544 115">
     <span class='ocr_line' id='line_1_1' title="bbox 434 97 544 115; baseline 0 -4"><span class='ocrx_word' id='word_1_1' title='bbox 434 97 544 115; x_wconf 36' lang='lat'><strong>*17-</strong></span> 
     </span>
    </p>
   </div>
   <div class='ocr_carea' id='block_1_2' title="bbox 60 143 921 1269">
    <p class='ocr_par' dir='ltr' id='par_1_2' title="bbox 60 143 913 244">
     <span class='ocr_line' id='line_1_2' title="bbox 62 143 913 164; baseline -0.001 -3"><span class='ocrx_word' id='word_1_2' title='bbox 62 145 160 162; x_wconf 84' lang='lat' dir='ltr'><strong>Octavianus</strong></span> <span class='ocrx_word' id='word_1_3' title='bbox 178 146 263 161; x_wconf 81' lang='lat' dir='ltr'><strong>veteranos</strong></span> <span class='ocrx_word' id='word_1_4' title='bbox 279 145 335 160; x_wconf 86' lang='lat' dir='ltr'><strong>contra</strong></span> <span class='ocrx_word' id='word_1_5' title='bbox 349 143 436 160; x_wconf 78' lang='lat' dir='ltr'><strong>Antonium</strong></span> <span class='ocrx_word' id='word_1_6' title='bbox 454 143 568 163; x_wconf 74' lang='lat' dir='ltr'><strong>concitaverat,</strong></span> <span class='ocrx_word' id='word_1_7' title='bbox 587 143 632 164; x_wconf 81' lang='lat' dir='ltr'><strong>isque</strong></span> <span class='ocrx_word' id='word_1_8' title='bbox 649 143 669 159; x_wconf 83' lang='lat' dir='ltr'><strong>ad</strong></span> <span class='ocrx_word' id='word_1_9' title='bbox 687 143 793 160; x_wconf 80' lang='lat' dir='ltr'><strong>obsidendum</strong></span> <span class='ocrx_word' id='word_1_10' title='bbox 812 143 880 160; x_wconf 81' lang='lat' dir='ltr'><strong>Brutum</strong></span> <span class='ocrx_word' id='word_1_11' title='bbox 897 143 913 160; x_wconf 88' lang='lat' dir='ltr'><strong>in</strong></span> 
     </span>
     <span class='ocr_line' id='line_1_3' title="bbox 62 170 913 191; baseline -0.001 -3"><span class='ocrx_word' id='word_1_12' title='bbox 62 172 132 189; x_wconf 84' lang='lat' dir='ltr'><strong>Galliam</strong></span> <span class='ocrx_word' id='word_1_13' title='bbox 145 172 246 191; x_wconf 75' lang='lat' dir='ltr'><strong>discesserat,</strong></span> <span class='ocrx_word' id='word_1_14' title='bbox 259 171 268 187; x_wconf 94' lang='lat' dir='ltr'><strong>i.</strong></span> <span class='ocrx_word' id='word_1_15' title='bbox 282 176 295 187; x_wconf 81' lang='lat' dir='ltr'><strong>e.</strong></span> <span class='ocrx_word' id='word_1_16' title='bbox 307 171 373 187; x_wconf 82' lang='lat' dir='ltr'><strong>Octobri</strong></span> <span class='ocrx_word' id='word_1_17' title='bbox 385 175 445 187; x_wconf 81' lang='lat' dir='ltr'><strong>mense.</strong></span> <span class='ocrx_word' id='word_1_18' title='bbox 467 170 523 187; x_wconf 81' lang='lat' dir='ltr'><strong>Altera</strong></span> <span class='ocrx_word' id='word_1_19' title='bbox 535 172 588 187; x_wconf 85' lang='lat' dir='ltr'><strong>autem</strong></span> <span class='ocrx_word' id='word_1_20' title='bbox 601 175 620 186; x_wconf 86' lang='lat' dir='ltr'><strong>ex</strong></span> <span class='ocrx_word' id='word_1_21' title='bbox 631 171 678 191; x_wconf 86' lang='lat' dir='ltr'><strong>parte</strong></span> <span class='ocrx_word' id='word_1_22' title='bbox 690 171 716 186; x_wconf 85' lang='lat' dir='ltr'><strong>vix</strong></span> <span class='ocrx_word' id='word_1_23' title='bbox 728 171 744 186; x_wconf 86' lang='lat' dir='ltr'><strong>in</strong></span> <span class='ocrx_word' id='word_1_24' title='bbox 757 172 841 187; x_wconf 83' lang='lat' dir='ltr'><strong>exeuntem</strong></span> <span class='ocrx_word' id='word_1_25' title='bbox 853 175 913 187; x_wconf 78' lang='lat' dir='ltr'><strong>anuum</strong></span> 
     </span>
     <span class='ocr_line' id='line_1_4' title="bbox 60 197 913 219; baseline -0.002 -4"><span class='ocrx_word' id='word_1_26' title='bbox 60 199 163 215; x_wconf 84' lang='lat' dir='ltr'><strong>incidendum</strong></span> <span class='ocrx_word' id='word_1_27' title='bbox 178 200 222 219; x_wconf 67' lang='lat' dir='ltr'><strong>puto,</strong></span> <span class='ocrx_word' id='word_1_28' title='bbox 237 198 312 218; x_wconf 79' lang='lat' dir='ltr'><strong>quoniam</strong></span> <span class='ocrx_word' id='word_1_29' title='bbox 330 197 358 214; x_wconf 83' lang='lat' dir='ltr'><strong>illo</strong></span> <span class='ocrx_word' id='word_1_30' title='bbox 375 199 447 218; x_wconf 76' lang='lat' dir='ltr'><strong>ternpore</strong></span> <span class='ocrx_word' id='word_1_31' title='bbox 459 197 522 213; x_wconf 80' lang='lat' dir='ltr'><strong>Hirtius</strong></span> <span class='ocrx_word' id='word_1_32' title='bbox 535 197 590 213; x_wconf 85' lang='lat' dir='ltr'><strong>morbo</strong></span> <span class='ocrx_word' id='word_1_33' title='bbox 602 199 638 214; x_wconf 86' lang='lat' dir='ltr'><strong>erat</strong></span> <span class='ocrx_word' id='word_1_34' title='bbox 649 197 741 218; x_wconf 86' lang='lat' dir='ltr'><strong>implicitus.</strong></span> <span class='ocrx_word' id='word_1_35' title='bbox 766 197 823 218; x_wconf 86' lang='lat' dir='ltr'><strong>Itaque</strong></span> <span class='ocrx_word' id='word_1_36' title='bbox 835 197 913 218; x_wconf 78' lang='lat' dir='ltr'><strong>sequitur,</strong></span> 
     </span>
     <span class='ocr_line' id='line_1_5' title="bbox 61 224 627 244; baseline -0.004 -2"><span class='ocrx_word' id='word_1_37' title='bbox 61 227 81 242; x_wconf 93' lang='lat' dir='ltr'><strong>ut</strong></span> <span class='ocrx_word' id='word_1_38' title='bbox 93 226 106 242; x_wconf 93' lang='lat' dir='ltr'><strong>is</strong></span> <span class='ocrx_word' id='word_1_39' title='bbox 118 225 184 242; x_wconf 83' lang='lat' dir='ltr'><strong>Octobri</strong></span> <span class='ocrx_word' id='word_1_40' title='bbox 196 225 221 241; x_wconf 85' lang='lat' dir='ltr'><strong>vel</strong></span> <span class='ocrx_word' id='word_1_41' title='bbox 234 224 320 241; x_wconf 75' lang='lat' dir='ltr'><strong>Novembri</strong></span> <span class='ocrx_word' id='word_1_42' title='bbox 332 228 387 241; x_wconf 87' lang='lat' dir='ltr'><strong>mense</strong></span> <span class='ocrx_word' id='word_1_43' title='bbox 399 224 436 240; x_wconf 81' lang='lat' dir='ltr'><strong>anni</strong></span> <span class='ocrx_word' id='word_1_44' title='bbox 449 225 470 240; x_wconf 76' lang='lat'><strong>44</strong></span> <span class='ocrx_word' id='word_1_45' title='bbox 482 229 522 244; x_wconf 82' lang='lat' dir='ltr'><strong>opus</strong></span> <span class='ocrx_word' id='word_1_46' title='bbox 534 224 627 241; x_wconf 67' lang='lat' dir='ltr'><strong>absolverit,</strong></span> 
     </span>
    </p>

    <p class='ocr_par' dir='ltr' id='par_1_3' title="bbox 61 251 917 810">
     <span class='ocr_line' id='line_1_6' title="bbox 143 251 914 272; baseline -0.001 -4"><span class='ocrx_word' id='word_1_47' title='bbox 143 252 165 269; x_wconf 89' lang='lat' dir='ltr'><strong>Ut</strong></span> <span class='ocrx_word' id='word_1_48' title='bbox 176 252 214 268; x_wconf 82' lang='lat' dir='ltr'><strong>inde</strong></span> <span class='ocrx_word' id='word_1_49' title='bbox 226 251 279 268; x_wconf 79' lang='lat' dir='ltr'><strong>elucet</strong></span> <span class='ocrx_word' id='word_1_50' title='bbox 287 251 358 268; x_wconf 86' lang='lat' dir='ltr'><strong>Hirtium</strong></span> <span class='ocrx_word' id='word_1_51' title='bbox 370 255 429 272; x_wconf 79' lang='lat' dir='ltr'><strong>paucos</strong></span> <span class='ocrx_word' id='word_1_52' title='bbox 441 251 488 267; x_wconf 78' lang='lat' dir='ltr'><strong>moda</strong></span> <span class='ocrx_word' id='word_1_53' title='bbox 499 255 562 267; x_wconf 86' lang='lat' dir='ltr'><strong>menses</strong></span> <span class='ocrx_word' id='word_1_54' title='bbox 570 251 585 267; x_wconf 92' lang='lat' dir='ltr'><strong>in</strong></span> <span class='ocrx_word' id='word_1_55' title='bbox 595 251 714 267; x_wconf 82' lang='lat' dir='ltr'><strong>commentariis</strong></span> <span class='ocrx_word' id='word_1_56' title='bbox 722 251 811 268; x_wconf 74' lang='lat' dir='ltr'><strong>scribendis</strong></span> <span class='ocrx_word' id='word_1_57' title='bbox 820 256 914 268; x_wconf 81' lang='lat' dir='ltr'><strong>consumere</strong></span> 
     </span>
     <span class='ocr_line' id='line_1_7' title="bbox 62 277 914 300; baseline -0.002 -4"><span class='ocrx_word' id='word_1_58' title='bbox 62 280 142 300; x_wconf 75' lang='lat' dir='ltr'><strong>putuisse,</strong></span> <span class='ocrx_word' id='word_1_59' title='bbox 156 279 180 295; x_wconf 89' lang='lat' dir='ltr'><strong>ita</strong></span> <span class='ocrx_word' id='word_1_60' title='bbox 195 278 265 299; x_wconf 84' lang='lat' dir='ltr'><strong>epistula</strong></span> <span class='ocrx_word' id='word_1_61' title='bbox 279 279 315 299; x_wconf 76' lang='lat' dir='ltr'><strong>ipsa</strong></span> <span class='ocrx_word' id='word_1_62' title='bbox 330 279 387 295; x_wconf 85' lang='lat' dir='ltr'><strong>docere</strong></span> <span class='ocrx_word' id='word_1_63' title='bbox 401 278 470 297; x_wconf 76' lang='lat' dir='ltr'><strong>videtur,</strong></span> <span class='ocrx_word' id='word_1_64' title='bbox 485 282 502 294; x_wconf 83' lang='lat' dir='ltr'><strong>re</strong></span> <span class='ocrx_word' id='word_1_65' title='bbox 518 282 556 294; x_wconf 84' lang='lat' dir='ltr'><strong>vera</strong></span> <span class='ocrx_word' id='word_1_66' title='bbox 571 277 654 298; x_wconf 87' lang='lat' dir='ltr'><strong>paululum</strong></span> <span class='ocrx_word' id='word_1_67' title='bbox 668 278 746 298; x_wconf 81' lang='lat' dir='ltr'><strong>temporis</strong></span> <span class='ocrx_word' id='word_1_68' title='bbox 759 283 794 294; x_wconf 88' lang='lat' dir='ltr'><strong>eum</strong></span> <span class='ocrx_word' id='word_1_69' title='bbox 806 278 856 294; x_wconf 78' lang='lat' dir='ltr'><strong>fuisse</strong></span> <span class='ocrx_word' id='word_1_70' title='bbox 868 283 914 295; x_wconf 82' lang='lat' dir='ltr'><strong>oceu-</strong></span> 
     </span>
     <span class='ocr_line' id='line_1_8' title="bbox 61 304 914 326; baseline -0.001 -4"><span class='ocrx_word' id='word_1_71' title='bbox 61 309 124 326; x_wconf 76' lang='lat' dir='ltr'><strong>patum.</strong></span> <span class='ocrx_word' id='word_1_72' title='bbox 148 306 188 322; x_wconf 87' lang='lat' dir='ltr'><strong>Nam</strong></span> <span class='ocrx_word' id='word_1_73' title='bbox 200 306 223 322; x_wconf 82' lang='lat' dir='ltr'><strong>sic</strong></span> <span class='ocrx_word' id='word_1_74' title='bbox 235 305 301 325; x_wconf 82' lang='lat' dir='ltr'><strong>collige:</strong></span> <span class='ocrx_word' id='word_1_75' title='bbox 317 305 391 325; x_wconf 88' lang='lat' dir='ltr'><strong>Epistula</strong></span> <span class='ocrx_word' id='word_1_76' title='bbox 402 304 423 321; x_wconf 80' lang='lat' dir='ltr'><strong>nd</strong></span> <span class='ocrx_word' id='word_1_77' title='bbox 435 304 486 324; x_wconf 67' lang='lat' dir='ltr'><strong>Balb„</strong></span> <span class='ocrx_word' id='word_1_78' title='bbox 501 306 519 321; x_wconf 85' lang='lat' dir='ltr'><strong>ut</strong></span> <span class='ocrx_word' id='word_1_79' title='bbox 530 309 580 325; x_wconf 80' lang='lat' dir='ltr'><strong>supra</strong></span> <span class='ocrx_word' id='word_1_80' title='bbox 592 304 723 324; x_wconf 64' lang='lat' dir='ltr'><strong>aemonstnvv),</strong></span> <span class='ocrx_word' id='word_1_81' title='bbox 736 309 785 325; x_wconf 84' lang='lat' dir='ltr'><strong>opere</strong></span> <span class='ocrx_word' id='word_1_82' title='bbox 797 305 828 321; x_wconf 81' lang='lat' dir='ltr'><strong>iam</strong></span> <span class='ocrx_word' id='word_1_83' title='bbox 840 305 914 321; x_wconf 81' lang='lat' dir='ltr'><strong>absoluto</strong></span> 
     </span>
     <span class='ocr_line' id='line_1_9' title="bbox 63 331 915 353; baseline -0.001 -4"><span class='ocrx_word' id='word_1_84' title='bbox 63 333 157 353; x_wconf 85' lang='lat' dir='ltr'><strong>conscripta</strong></span> <span class='ocrx_word' id='word_1_85' title='bbox 165 332 228 349; x_wconf 82' lang='lat' dir='ltr'><strong>Hirtius</strong></span> <span class='ocrx_word' id='word_1_86' title='bbox 239 336 272 348; x_wconf 85' lang='lat' dir='ltr'><strong>rein</strong></span> <span class='ocrx_word' id='word_1_87' title='bbox 281 331 392 348; x_wconf 81' lang='lat' dir='ltr'><strong>difficillimam</strong></span> <span class='ocrx_word' id='word_1_88' title='bbox 401 331 495 348; x_wconf 72' lang='lat' dir='ltr'><strong>contexendi</strong></span> <span class='ocrx_word' id='word_1_89' title='bbox 504 333 521 348; x_wconf 81' lang='lat' dir='ltr'><strong>et</strong></span> <span class='ocrx_word' id='word_1_90' title='bbox 529 331 624 348; x_wconf 76' lang='lat' dir='ltr'><strong>conficiendi</strong></span> <span class='ocrx_word' id='word_1_91' title='bbox 633 331 684 348; x_wconf 81' lang='lat' dir='ltr'><strong>libros</strong></span> <span class='ocrx_word' id='word_1_92' title='bbox 692 331 766 348; x_wconf 80' lang='lat' dir='ltr'><strong>Caesaris</strong></span> <span class='ocrx_word' id='word_1_93' title='bbox 774 336 792 348; x_wconf 85' lang='lat' dir='ltr'><strong>se</strong></span> <span class='ocrx_word' id='word_1_94' title='bbox 800 333 817 348; x_wconf 93' lang='lat' dir='ltr'><strong>et</strong></span> <span class='ocrx_word' id='word_1_95' title='bbox 825 332 915 352; x_wconf 71' lang='lat' dir='ltr'><strong>suscepisse</strong></span> 
     </span>
     <span class='ocr_line' id='line_1_10' title="bbox 62 358 915 379; baseline -0.001 -3"><span class='ocrx_word' id='word_1_96' title='bbox 62 363 80 376; x_wconf 86' lang='lat' dir='ltr'><strong>et</strong></span> <span class='ocrx_word' id='word_1_97' title='bbox 92 360 181 376; x_wconf 70' lang='lat' dir='ltr'><strong>absolvisse</strong></span> <span class='ocrx_word' id='word_1_98' title='bbox 193 360 261 376; x_wconf 84' lang='lat' dir='ltr'><strong>amicum</strong></span> <span class='ocrx_word' id='word_1_99' title='bbox 274 359 359 376; x_wconf 81' lang='lat' dir='ltr'><strong>certiorem</strong></span> <span class='ocrx_word' id='word_1_100' title='bbox 371 358 414 375; x_wconf 75' lang='lat' dir='ltr'><strong>facit.</strong></span> <span class='ocrx_word' id='word_1_101' title='bbox 431 358 485 375; x_wconf 78' lang='lat' dir='ltr'><strong>Verba</strong></span> <span class='ocrx_word' id='word_1_102' title='bbox 497 360 551 375; x_wconf 85' lang='lat' dir='ltr'><strong>autem</strong></span> <span class='ocrx_word' id='word_1_103' title='bbox 560 358 600 379; x_wconf 85' lang='lat' dir='ltr'><strong>ipsa,</strong></span> <span class='ocrx_word' id='word_1_104' title='bbox 613 363 622 375; x_wconf 83' lang='lat' dir='ltr'><strong>a</strong></span> <span class='ocrx_word' id='word_1_105' title='bbox 630 359 688 379; x_wconf 88' lang='lat' dir='ltr'><strong>quibus</strong></span> <span class='ocrx_word' id='word_1_106' title='bbox 697 358 760 375; x_wconf 80' lang='lat' dir='ltr'><strong>Hirtius</strong></span> <span class='ocrx_word' id='word_1_107' title='bbox 768 359 832 379; x_wconf 82' lang='lat' dir='ltr'><strong>incipit:</strong></span> <span class='ocrx_word' id='word_1_108' title='bbox 845 360 915 375; x_wconf 77' lang='lat' dir='ltr'><strong>‘coactus</strong></span> 
     </span>
     <span class='ocr_line' id='line_1_11' title="bbox 65 385 915 406; baseline -0.001 -3"><span class='ocrx_word' id='word_1_109' title='bbox 65 387 136 404; x_wconf 77' lang='lat' dir='ltr'><strong>assiduis</strong></span> <span class='ocrx_word' id='word_1_110' title='bbox 148 387 181 403; x_wconf 89' lang='lat' dir='ltr'><strong>tuis</strong></span> <span class='ocrx_word' id='word_1_111' title='bbox 193 386 263 405; x_wconf 85' lang='lat' dir='ltr'><strong>vocibus,</strong></span> <span class='ocrx_word' id='word_1_112' title='bbox 278 386 333 406; x_wconf 83' lang='lat' dir='ltr'><strong>Balbe,</strong></span> <span class='ocrx_word' id='word_1_113' title='bbox 348 390 383 402; x_wconf 88' lang='lat' dir='ltr'><strong>cum</strong></span> <span class='ocrx_word' id='word_1_114' title='bbox 399 385 481 402; x_wconf 77' lang='lat' dir='ltr'><strong>cotidiana</strong></span> <span class='ocrx_word' id='word_1_115' title='bbox 492 390 528 402; x_wconf 79' lang='lat' dir='ltr'><strong>mea</strong></span> <span class='ocrx_word' id='word_1_116' title='bbox 540 385 621 402; x_wconf 77' lang='lat' dir='ltr'><strong>recusatio</strong></span> <span class='ocrx_word' id='word_1_117' title='bbox 633 390 664 402; x_wconf 88' lang='lat' dir='ltr'><strong>uon</strong></span> <span class='ocrx_word' id='word_1_118' title='bbox 676 385 777 403; x_wconf 80' lang='lat' dir='ltr'><strong>difficultatis</strong></span> <span class='ocrx_word' id='word_1_119' title='bbox 789 386 915 406; x_wconf 72' lang='lat' dir='ltr'><strong>excusationem,</strong></span> 
     </span>
     <span class='ocr_line' id='line_1_12' title="bbox 62 412 915 433; baseline -0.001 -3"><span class='ocrx_word' id='word_1_120' title='bbox 62 414 92 430; x_wconf 84' lang='lat' dir='ltr'><strong>sed</strong></span> <span class='ocrx_word' id='word_1_121' title='bbox 104 414 172 430; x_wconf 81' lang='lat' dir='ltr'><strong>inertiae</strong></span> <span class='ocrx_word' id='word_1_122' title='bbox 185 414 266 430; x_wconf 84' lang='lat' dir='ltr'><strong>videretur</strong></span> <span class='ocrx_word' id='word_1_123' title='bbox 278 413 408 433; x_wconf 72' lang='lat' dir='ltr'><strong>deprecationem</strong></span> <span class='ocrx_word' id='word_1_124' title='bbox 420 412 486 431; x_wconf 76' lang='lat' dir='ltr'><strong>habere,</strong></span> <span class='ocrx_word' id='word_1_125' title='bbox 499 417 532 428; x_wconf 88' lang='lat' dir='ltr'><strong>rem</strong></span> <span class='ocrx_word' id='word_1_126' title='bbox 545 412 654 429; x_wconf 79' lang='lat' dir='ltr'><strong>difficillimam</strong></span> <span class='ocrx_word' id='word_1_127' title='bbox 667 413 742 433; x_wconf 84' lang='lat' dir='ltr'><strong>suseepi&#39;,</strong></span> <span class='ocrx_word' id='word_1_128' title='bbox 754 413 793 429; x_wconf 84' lang='lat' dir='ltr'><strong>mibi</strong></span> <span class='ocrx_word' id='word_1_129' title='bbox 805 417 825 429; x_wconf 78' lang='lat' dir='ltr'><strong>ea</strong></span> <span class='ocrx_word' id='word_1_130' title='bbox 835 413 915 433; x_wconf 79' lang='lat' dir='ltr'><strong>videntur,</strong></span> 
     </span>
     <span class='ocr_line' id='line_1_13' title="bbox 63 439 913 461; baseline -0.001 -4"><span class='ocrx_word' id='word_1_131' title='bbox 63 441 122 461; x_wconf 83' lang='lat' dir='ltr'><strong>quibus</strong></span> <span class='ocrx_word' id='word_1_132' title='bbox 130 440 193 457; x_wconf 81' lang='lat' dir='ltr'><strong>Hirtius</strong></span> <span class='ocrx_word' id='word_1_133' title='bbox 205 440 256 456; x_wconf 82' lang='lat' dir='ltr'><strong>amico</strong></span> <span class='ocrx_word' id='word_1_134' title='bbox 267 441 301 456; x_wconf 84' lang='lat' dir='ltr'><strong>tum</strong></span> <span class='ocrx_word' id='word_1_135' title='bbox 314 440 376 456; x_wconf 79' lang='lat' dir='ltr'><strong>demum</strong></span> <span class='ocrx_word' id='word_1_136' title='bbox 389 440 457 459; x_wconf 77' lang='lat' dir='ltr'><strong>nuntiet,</strong></span> <span class='ocrx_word' id='word_1_137' title='bbox 475 444 492 456; x_wconf 83' lang='lat' dir='ltr'><strong>se</strong></span> <span class='ocrx_word' id='word_1_138' title='bbox 506 439 541 456; x_wconf 84' lang='lat' dir='ltr'><strong>eius</strong></span> <span class='ocrx_word' id='word_1_139' title='bbox 555 440 616 460; x_wconf 82' lang='lat' dir='ltr'><strong>optatis</strong></span> <span class='ocrx_word' id='word_1_140' title='bbox 629 440 737 460; x_wconf 32' lang='lat' dir='ltr'><strong>respondisse*</strong></span> <span class='ocrx_word' id='word_1_141' title='bbox 759 440 804 460; x_wconf 83' lang='lat' dir='ltr'><strong>Quod</strong></span> <span class='ocrx_word' id='word_1_142' title='bbox 819 440 865 460; x_wconf 78' lang='lat' dir='ltr'><strong>prius</strong></span> <span class='ocrx_word' id='word_1_143' title='bbox 879 439 913 456; x_wconf 83' lang='lat' dir='ltr'><strong>ullo</strong></span> 
     </span>
     <span class='ocr_line' id='line_1_14' title="bbox 63 466 916 488; baseline -0.001 -4"><span class='ocrx_word' id='word_1_144' title='bbox 63 467 112 484; x_wconf 80' lang='lat' dir='ltr'><strong>mode</strong></span> <span class='ocrx_word' id='word_1_145' title='bbox 124 467 144 483; x_wconf 84' lang='lat' dir='ltr'><strong>ad</strong></span> <span class='ocrx_word' id='word_1_146' title='bbox 157 471 192 483; x_wconf 89' lang='lat' dir='ltr'><strong>enm</strong></span> <span class='ocrx_word' id='word_1_147' title='bbox 205 471 223 483; x_wconf 91' lang='lat' dir='ltr'><strong>se</strong></span> <span class='ocrx_word' id='word_1_148' title='bbox 235 467 318 483; x_wconf 84' lang='lat' dir='ltr'><strong>rettulisse</strong></span> <span class='ocrx_word' id='word_1_149' title='bbox 330 471 350 483; x_wconf 87' lang='lat' dir='ltr'><strong>ns</strong></span> <span class='ocrx_word' id='word_1_150' title='bbox 362 471 393 483; x_wconf 81' lang='lat' dir='ltr'><strong>nnn</strong></span> <span class='ocrx_word' id='word_1_151' title='bbox 406 466 470 487; x_wconf 81' lang='lat' dir='ltr'><strong>quidem</strong></span> <span class='ocrx_word' id='word_1_152' title='bbox 482 466 530 483; x_wconf 82' lang='lat' dir='ltr'><strong>verbo</strong></span> <span class='ocrx_word' id='word_1_153' title='bbox 543 466 623 487; x_wconf 74' lang='lat' dir='ltr'><strong>epistulae</strong></span> <span class='ocrx_word' id='word_1_154' title='bbox 631 466 696 485; x_wconf 83' lang='lat' dir='ltr'><strong>indicat.</strong></span> <span class='ocrx_word' id='word_1_155' title='bbox 709 467 737 483; x_wconf 85' lang='lat' dir='ltr'><strong>sed</strong></span> <span class='ocrx_word' id='word_1_156' title='bbox 745 467 799 487; x_wconf 78' lang='lat' dir='ltr'><strong>potius</strong></span> <span class='ocrx_word' id='word_1_157' title='bbox 808 471 849 488; x_wconf 78' lang='lat' dir='ltr'><strong>qnae</strong></span> <span class='ocrx_word' id='word_1_158' title='bbox 858 467 877 483; x_wconf 93' lang='lat' dir='ltr'><strong>de</strong></span> <span class='ocrx_word' id='word_1_159' title='bbox 886 467 916 483; x_wconf 79' lang='lat' dir='ltr'><strong>liae</strong></span> 
     </span>
     <span class='ocr_line' id='line_1_15' title="bbox 64 493 916 515; baseline -0.001 -4"><span class='ocrx_word' id='word_1_160' title='bbox 64 499 82 511; x_wconf 86' lang='lat' dir='ltr'><strong>re</strong></span> <span class='ocrx_word' id='word_1_161' title='bbox 101 494 171 515; x_wconf 85' lang='lat' dir='ltr'><strong>epistula</strong></span> <span class='ocrx_word' id='word_1_162' title='bbox 188 495 248 514; x_wconf 84' lang='lat' dir='ltr'><strong>narrat,</strong></span> <span class='ocrx_word' id='word_1_163' title='bbox 266 495 284 509; x_wconf 89' lang='lat' dir='ltr'><strong>ut</strong></span> <span class='ocrx_word' id='word_1_164' title='bbox 301 493 371 510; x_wconf 87' lang='lat' dir='ltr'><strong>omnium</strong></span> <span class='ocrx_word' id='word_1_165' title='bbox 383 493 445 515; x_wconf 62' lang='lat' dir='ltr'><strong>[ignaro</strong></span> <span class='ocrx_word' id='word_1_166' title='bbox 464 495 524 510; x_wconf 71' lang='lat' dir='ltr'><strong>narrat.</strong></span> <span class='ocrx_word' id='word_1_167' title='bbox 550 493 595 513; x_wconf 83' lang='lat' dir='ltr'><strong>Quod</strong></span> <span class='ocrx_word' id='word_1_168' title='bbox 613 494 665 514; x_wconf 86' lang='lat' dir='ltr'><strong>ipsum</strong></span> <span class='ocrx_word' id='word_1_169' title='bbox 684 493 704 510; x_wconf 80' lang='lat' dir='ltr'><strong>ad</strong></span> <span class='ocrx_word' id='word_1_170' title='bbox 719 495 790 510; x_wconf 85' lang='lat' dir='ltr'><strong>nostram</strong></span> <span class='ocrx_word' id='word_1_171' title='bbox 805 494 916 514; x_wconf 86' lang='lat' dir='ltr'><strong>quaestionem</strong></span> 
     </span>
     <span class='ocr_line' id='line_1_16' title="bbox 63 520 916 537; baseline 0.001 -1"><span class='ocrx_word' id='word_1_172' title='bbox 63 521 183 537; x_wconf 81' lang='lat' dir='ltr'><strong>diiudicandarn</strong></span> <span class='ocrx_word' id='word_1_173' title='bbox 196 520 260 537; x_wconf 82' lang='lat' dir='ltr'><strong>maximi</strong></span> <span class='ocrx_word' id='word_1_174' title='bbox 272 520 348 537; x_wconf 76' lang='lat' dir='ltr'><strong>momenti</strong></span> <span class='ocrx_word' id='word_1_175' title='bbox 361 520 399 536; x_wconf 86' lang='lat' dir='ltr'><strong>mibi</strong></span> <span class='ocrx_word' id='word_1_176' title='bbox 412 520 480 537; x_wconf 81' lang='lat' dir='ltr'><strong>videtur.</strong></span> <span class='ocrx_word' id='word_1_177' title='bbox 502 520 543 536; x_wconf 80' lang='lat' dir='ltr'><strong>Nam</strong></span> <span class='ocrx_word' id='word_1_178' title='bbox 555 525 590 537; x_wconf 86' lang='lat' dir='ltr'><strong>cum</strong></span> <span class='ocrx_word' id='word_1_179' title='bbox 602 520 663 537; x_wconf 81' lang='lat' dir='ltr'><strong>Balbus</strong></span> <span class='ocrx_word' id='word_1_180' title='bbox 675 520 750 537; x_wconf 75' lang='lat' dir='ltr'><strong>‘assiduis</strong></span> <span class='ocrx_word' id='word_1_181' title='bbox 762 520 832 537; x_wconf 81' lang='lat' dir='ltr'><strong>vocibus&#39;</strong></span> <span class='ocrx_word' id='word_1_182' title='bbox 845 521 916 537; x_wconf 78' lang='lat' dir='ltr'><strong>Hirtium</strong></span> 
     </span>
     <span class='ocr_line' id='line_1_17' title="bbox 63 546 916 568; baseline 0 -5"><span class='ocrx_word' id='word_1_183' title='bbox 63 548 122 568; x_wconf 82' lang='lat' dir='ltr'><strong>adiret,</strong></span> <span class='ocrx_word' id='word_1_184' title='bbox 135 547 205 568; x_wconf 77' lang='lat' dir='ltr'><strong>proclive</strong></span> <span class='ocrx_word' id='word_1_185' title='bbox 214 548 250 563; x_wconf 78' lang='lat' dir='ltr'><strong>erat</strong></span> <span class='ocrx_word' id='word_1_186' title='bbox 258 546 320 567; x_wconf 80' lang='lat' dir='ltr'><strong>Aulum,</strong></span> <span class='ocrx_word' id='word_1_187' title='bbox 328 547 355 563; x_wconf 87' lang='lat' dir='ltr'><strong>ubi</strong></span> <span class='ocrx_word' id='word_1_188' title='bbox 365 547 433 567; x_wconf 86' lang='lat' dir='ltr'><strong>primurn</strong></span> <span class='ocrx_word' id='word_1_189' title='bbox 442 552 482 567; x_wconf 87' lang='lat' dir='ltr'><strong>opus</strong></span> <span class='ocrx_word' id='word_1_190' title='bbox 490 547 556 568; x_wconf 77' lang='lat' dir='ltr'><strong>aggredi</strong></span> <span class='ocrx_word' id='word_1_191' title='bbox 565 547 653 563; x_wconf 82' lang='lat' dir='ltr'><strong>obstinavit</strong></span> <span class='ocrx_word' id='word_1_192' title='bbox 661 547 720 566; x_wconf 84' lang='lat' dir='ltr'><strong>animo,</strong></span> <span class='ocrx_word' id='word_1_193' title='bbox 733 547 784 564; x_wconf 74' lang='lat' dir='ltr'><strong>amico</strong></span> <span class='ocrx_word' id='word_1_194' title='bbox 792 547 808 564; x_wconf 92' lang='lat' dir='ltr'><strong>id</strong></span> <span class='ocrx_word' id='word_1_195' title='bbox 817 548 916 567; x_wconf 76' lang='lat' dir='ltr'><strong>renuntiare,</strong></span> 
     </span>
     <span class='ocr_line' id='line_1_18' title="bbox 63 574 916 595; baseline 0 -5"><span class='ocrx_word' id='word_1_196' title='bbox 63 579 85 591; x_wconf 79' lang='lat' dir='ltr'><strong>ne</strong></span> <span class='ocrx_word' id='word_1_197' title='bbox 97 574 150 591; x_wconf 76' lang='lat' dir='ltr'><strong>denuo</strong></span> <span class='ocrx_word' id='word_1_198' title='bbox 162 579 225 595; x_wconf 80' lang='lat' dir='ltr'><strong>semper</strong></span> <span class='ocrx_word' id='word_1_199' title='bbox 237 574 312 595; x_wconf 84' lang='lat' dir='ltr'><strong>precibus</strong></span> <span class='ocrx_word' id='word_1_200' title='bbox 324 574 359 590; x_wconf 87' lang='lat' dir='ltr'><strong>eius</strong></span> <span class='ocrx_word' id='word_1_201' title='bbox 371 574 494 591; x_wconf 79' lang='lat' dir='ltr'><strong>obtunderetur.</strong></span> <span class='ocrx_word' id='word_1_202' title='bbox 517 574 540 591; x_wconf 83' lang='lat' dir='ltr'><strong>Ae</strong></span> <span class='ocrx_word' id='word_1_203' title='bbox 552 574 604 595; x_wconf 84' lang='lat' dir='ltr'><strong>prima</strong></span> <span class='ocrx_word' id='word_1_204' title='bbox 616 579 665 591; x_wconf 86' lang='lat' dir='ltr'><strong>causa</strong></span> <span class='ocrx_word' id='word_1_205' title='bbox 676 578 705 591; x_wconf 83' lang='lat' dir='ltr'><strong>cur</strong></span> <span class='ocrx_word' id='word_1_206' title='bbox 716 574 780 590; x_wconf 83' lang='lat' dir='ltr'><strong>Hirtius</strong></span> <span class='ocrx_word' id='word_1_207' title='bbox 792 574 808 590; x_wconf 90' lang='lat' dir='ltr'><strong>id</strong></span> <span class='ocrx_word' id='word_1_208' title='bbox 820 574 916 595; x_wconf 77' lang='lat' dir='ltr'><strong>neglexerit,</strong></span> 
     </span>
     <span class='ocr_line' id='line_1_19' title="bbox 64 601 916 621; baseline 0 -4"><span class='ocrx_word' id='word_1_209' title='bbox 64 606 85 618; x_wconf 81' lang='lat' dir='ltr'><strong>ea</strong></span> <span class='ocrx_word' id='word_1_210' title='bbox 96 601 170 618; x_wconf 79' lang='lat' dir='ltr'><strong>habenda</strong></span> <span class='ocrx_word' id='word_1_211' title='bbox 182 603 212 621; x_wconf 85' lang='lat' dir='ltr'><strong>est,</strong></span> <span class='ocrx_word' id='word_1_212' title='bbox 225 601 267 621; x_wconf 78' lang='lat' dir='ltr'><strong>quud</strong></span> <span class='ocrx_word' id='word_1_213' title='bbox 279 601 293 617; x_wconf 89' lang='lat' dir='ltr'><strong>is</strong></span> <span class='ocrx_word' id='word_1_214' title='bbox 306 601 353 617; x_wconf 83' lang='lat' dir='ltr'><strong>initio</strong></span> <span class='ocrx_word' id='word_1_215' title='bbox 364 601 384 617; x_wconf 86' lang='lat' dir='ltr'><strong>de</strong></span> <span class='ocrx_word' id='word_1_216' title='bbox 396 601 476 617; x_wconf 83' lang='lat' dir='ltr'><strong>industria</strong></span> <span class='ocrx_word' id='word_1_217' title='bbox 487 601 553 617; x_wconf 75' lang='lat' dir='ltr'><strong>silentio</strong></span> <span class='ocrx_word' id='word_1_218' title='bbox 565 601 596 617; x_wconf 84' lang='lat' dir='ltr'><strong>sibi</strong></span> <span class='ocrx_word' id='word_1_219' title='bbox 608 601 684 621; x_wconf 86' lang='lat' dir='ltr'><strong>impositu</strong></span> <span class='ocrx_word' id='word_1_220' title='bbox 697 601 727 617; x_wconf 89' lang='lat' dir='ltr'><strong>nisi</strong></span> <span class='ocrx_word' id='word_1_221' title='bbox 740 602 795 618; x_wconf 81' lang='lat' dir='ltr'><strong>conari</strong></span> <span class='ocrx_word' id='word_1_222' title='bbox 807 606 838 618; x_wconf 77' lang='lat' dir='ltr'><strong>non</strong></span> <span class='ocrx_word' id='word_1_223' title='bbox 846 601 916 621; x_wconf 83' lang='lat' dir='ltr'><strong>volebat,</strong></span> 
     </span>
     <span class='ocr_line' id='line_1_20' title="bbox 63 627 916 649; baseline 0 -5"><span class='ocrx_word' id='word_1_224' title='bbox 63 628 77 645; x_wconf 85' lang='lat' dir='ltr'><strong>si</strong></span> <span class='ocrx_word' id='word_1_225' title='bbox 92 628 130 649; x_wconf 88' lang='lat' dir='ltr'><strong>quid</strong></span> <span class='ocrx_word' id='word_1_226' title='bbox 147 628 162 644; x_wconf 94' lang='lat' dir='ltr'><strong>in</strong></span> <span class='ocrx_word' id='word_1_227' title='bbox 178 628 264 644; x_wconf 76' lang='lat' dir='ltr'><strong>scribendo</strong></span> <span class='ocrx_word' id='word_1_228' title='bbox 277 627 379 648; x_wconf 77' lang='lat' dir='ltr'><strong>profecturus</strong></span> <span class='ocrx_word' id='word_1_229' title='bbox 394 629 442 644; x_wconf 69' lang='lat' dir='ltr'><strong>esset,</strong></span> <span class='ocrx_word' id='word_1_230' title='bbox 465 627 524 644; x_wconf 89' lang='lat' dir='ltr'><strong>Tamen</strong></span> <span class='ocrx_word' id='word_1_231' title='bbox 537 628 566 644; x_wconf 86' lang='lat' dir='ltr'><strong>boc</strong></span> <span class='ocrx_word' id='word_1_232' title='bbox 578 632 610 644; x_wconf 85' lang='lat' dir='ltr'><strong>uuo</strong></span> <span class='ocrx_word' id='word_1_233' title='bbox 622 632 648 644; x_wconf 81' lang='lat' dir='ltr'><strong>res</strong></span> <span class='ocrx_word' id='word_1_234' title='bbox 660 632 692 644; x_wconf 81' lang='lat' dir='ltr'><strong>non</strong></span> <span class='ocrx_word' id='word_1_235' title='bbox 704 628 745 644; x_wconf 79' lang='lat' dir='ltr'><strong>satis</strong></span> <span class='ocrx_word' id='word_1_236' title='bbox 757 628 852 649; x_wconf 76' lang='lat' dir='ltr'><strong>explicatur.</strong></span> <span class='ocrx_word' id='word_1_237' title='bbox 875 628 916 644; x_wconf 88' lang='lat' dir='ltr'><strong>Nam</strong></span> 
     </span>
     <span class='ocr_line' id='line_1_21' title="bbox 64 654 917 676; baseline 0 -5"><span class='ocrx_word' id='word_1_238' title='bbox 64 655 103 676; x_wconf 88' lang='lat' dir='ltr'><strong>quid</strong></span> <span class='ocrx_word' id='word_1_239' title='bbox 120 659 151 671; x_wconf 88' lang='lat' dir='ltr'><strong>non</strong></span> <span class='ocrx_word' id='word_1_240' title='bbox 169 660 218 676; x_wconf 85' lang='lat' dir='ltr'><strong>opere</strong></span> <span class='ocrx_word' id='word_1_241' title='bbox 236 655 268 671; x_wconf 78' lang='lat' dir='ltr'><strong>iam</strong></span> <span class='ocrx_word' id='word_1_242' title='bbox 285 655 349 675; x_wconf 76' lang='lat' dir='ltr'><strong>lougius</strong></span> <span class='ocrx_word' id='word_1_243' title='bbox 367 655 481 675; x_wconf 77' lang='lat' dir='ltr'><strong>progrediente</strong></span> <span class='ocrx_word' id='word_1_244' title='bbox 495 654 584 675; x_wconf 76' lang='lat' dir='ltr'><strong>meliusque</strong></span> <span class='ocrx_word' id='word_1_245' title='bbox 599 654 669 671; x_wconf 74' lang='lat' dir='ltr'><strong>fortasse</strong></span> <span class='ocrx_word' id='word_1_246' title='bbox 682 660 729 675; x_wconf 75' lang='lat' dir='ltr'><strong>quarn</strong></span> <span class='ocrx_word' id='word_1_247' title='bbox 742 655 777 675; x_wconf 86' lang='lat' dir='ltr'><strong>ipse</strong></span> <span class='ocrx_word' id='word_1_248' title='bbox 789 656 917 676; x_wconf 81' lang='lat' dir='ltr'><strong>exspectaverat,</strong></span> 
     </span>
     <span class='ocr_line' id='line_1_22' title="bbox 65 681 917 703; baseline 0 -5"><span class='ocrx_word' id='word_1_249' title='bbox 65 682 116 698; x_wconf 77' lang='lat' dir='ltr'><strong>Balbo</strong></span> <span class='ocrx_word' id='word_1_250' title='bbox 128 682 204 702; x_wconf 71' lang='lat' dir='ltr'><strong>scripsit?</strong></span> <span class='ocrx_word' id='word_1_251' title='bbox 227 682 282 698; x_wconf 76' lang='lat' dir='ltr'><strong>Altera</strong></span> <span class='ocrx_word' id='word_1_252' title='bbox 296 681 346 701; x_wconf 82' lang='lat' dir='ltr'><strong>igitur</strong></span> <span class='ocrx_word' id='word_1_253' title='bbox 362 683 387 698; x_wconf 85' lang='lat' dir='ltr'><strong>est</strong></span> <span class='ocrx_word' id='word_1_254' title='bbox 401 686 449 698; x_wconf 80' lang='lat' dir='ltr'><strong>causa</strong></span> <span class='ocrx_word' id='word_1_255' title='bbox 463 681 532 698; x_wconf 83' lang='lat' dir='ltr'><strong>silentii:</strong></span> <span class='ocrx_word' id='word_1_256' title='bbox 550 681 613 698; x_wconf 76' lang='lat' dir='ltr'><strong>Hirtius</strong></span> <span class='ocrx_word' id='word_1_257' title='bbox 625 686 660 698; x_wconf 91' lang='lat' dir='ltr'><strong>cum</strong></span> <span class='ocrx_word' id='word_1_258' title='bbox 673 682 693 698; x_wconf 81' lang='lat' dir='ltr'><strong>nd</strong></span> <span class='ocrx_word' id='word_1_259' title='bbox 705 687 764 703; x_wconf 84' lang='lat' dir='ltr'><strong>carpus</strong></span> <span class='ocrx_word' id='word_1_260' title='bbox 776 684 867 699; x_wconf 82' lang='lat' dir='ltr'><strong>truncatum</strong></span> <span class='ocrx_word' id='word_1_261' title='bbox 879 687 917 702; x_wconf 87' lang='lat' dir='ltr'><strong>sup-</strong></span> 
     </span>
     <span class='ocr_line' id='line_1_23' title="bbox 64 707 915 730; baseline 0.001 -5"><span class='ocrx_word' id='word_1_262' title='bbox 64 709 140 730; x_wconf 89' lang='lat' dir='ltr'><strong>plendum</strong></span> <span class='ocrx_word' id='word_1_263' title='bbox 152 709 252 728; x_wconf 79' lang='lat' dir='ltr'><strong>accessisset.</strong></span> <span class='ocrx_word' id='word_1_264' title='bbox 267 709 284 725; x_wconf 91' lang='lat' dir='ltr'><strong>in</strong></span> <span class='ocrx_word' id='word_1_265' title='bbox 299 710 324 725; x_wconf 78' lang='lat' dir='ltr'><strong>tot</strong></span> <span class='ocrx_word' id='word_1_266' title='bbox 338 707 461 725; x_wconf 79' lang='lat' dir='ltr'><strong>difficultatibus</strong></span> <span class='ocrx_word' id='word_1_267' title='bbox 473 710 527 725; x_wconf 80' lang='lat' dir='ltr'><strong>tamen</strong></span> <span class='ocrx_word' id='word_1_268' title='bbox 540 708 590 725; x_wconf 80' lang='lat' dir='ltr'><strong>libros</strong></span> <span class='ocrx_word' id='word_1_269' title='bbox 602 709 657 725; x_wconf 84' lang='lat' dir='ltr'><strong>brevi</strong></span> <span class='ocrx_word' id='word_1_270' title='bbox 670 711 743 730; x_wconf 83' lang='lat' dir='ltr'><strong>ternpore</strong></span> <span class='ocrx_word' id='word_1_271' title='bbox 756 709 834 726; x_wconf 80' lang='lat' dir='ltr'><strong>conficere</strong></span> <span class='ocrx_word' id='word_1_272' title='bbox 846 709 915 726; x_wconf 72' lang='lat' dir='ltr'><strong>volebat</strong></span> 
     </span>
     <span class='ocr_line' id='line_1_24' title="bbox 65 735 917 757; baseline 0.001 -5"><span class='ocrx_word' id='word_1_273' title='bbox 65 736 115 756; x_wconf 77' lang='lat' dir='ltr'><strong>Quarn</strong></span> <span class='ocrx_word' id='word_1_274' title='bbox 128 736 148 752; x_wconf 77' lang='lat' dir='ltr'><strong>el&gt;</strong></span> <span class='ocrx_word' id='word_1_275' title='bbox 160 740 193 752; x_wconf 88' lang='lat' dir='ltr'><strong>rem</strong></span> <span class='ocrx_word' id='word_1_276' title='bbox 206 741 226 752; x_wconf 87' lang='lat' dir='ltr'><strong>ne</strong></span> <span class='ocrx_word' id='word_1_277' title='bbox 238 738 271 752; x_wconf 76' lang='lat' dir='ltr'><strong>tum</strong></span> <span class='ocrx_word' id='word_1_278' title='bbox 284 736 349 756; x_wconf 85' lang='lat' dir='ltr'><strong>quidem</strong></span> <span class='ocrx_word' id='word_1_279' title='bbox 362 735 412 752; x_wconf 81' lang='lat' dir='ltr'><strong>Balbo</strong></span> <span class='ocrx_word' id='word_1_280' title='bbox 424 736 444 752; x_wconf 86' lang='lat' dir='ltr'><strong>de</strong></span> <span class='ocrx_word' id='word_1_281' title='bbox 456 735 541 752; x_wconf 79' lang='lat' dir='ltr'><strong>scribendo</strong></span> <span class='ocrx_word' id='word_1_282' title='bbox 553 736 622 756; x_wconf 86' lang='lat' dir='ltr'><strong>nuntiat,</strong></span> <span class='ocrx_word' id='word_1_283' title='bbox 638 736 666 752; x_wconf 85' lang='lat' dir='ltr'><strong>sed</strong></span> <span class='ocrx_word' id='word_1_284' title='bbox 678 736 733 756; x_wconf 85' lang='lat' dir='ltr'><strong>potius</strong></span> <span class='ocrx_word' id='word_1_285' title='bbox 745 736 864 753; x_wconf 75' lang='lat' dir='ltr'><strong>commentariis</strong></span> <span class='ocrx_word' id='word_1_286' title='bbox 876 737 917 757; x_wconf 85' lang='lat' dir='ltr'><strong>ipsis</strong></span> 
     </span>
     <span class='ocr_line' id='line_1_25' title="bbox 64 762 917 784; baseline 0 -5"><span class='ocrx_word' id='word_1_287' title='bbox 64 763 96 779; x_wconf 80' lang='lat' dir='ltr'><strong>iarn</strong></span> <span class='ocrx_word' id='word_1_288' title='bbox 109 767 157 784; x_wconf 78' lang='lat' dir='ltr'><strong>quam</strong></span> <span class='ocrx_word' id='word_1_289' title='bbox 169 763 238 783; x_wconf 80' lang='lat' dir='ltr'><strong>primum</strong></span> <span class='ocrx_word' id='word_1_290' title='bbox 250 762 270 779; x_wconf 86' lang='lat' dir='ltr'><strong>sd</strong></span> <span class='ocrx_word' id='word_1_291' title='bbox 282 767 318 779; x_wconf 87' lang='lat' dir='ltr'><strong>eum</strong></span> <span class='ocrx_word' id='word_1_292' title='bbox 330 767 350 778; x_wconf 86' lang='lat' dir='ltr'><strong>ex</strong></span> <span class='ocrx_word' id='word_1_293' title='bbox 362 762 449 783; x_wconf 78' lang='lat' dir='ltr'><strong>improviso</strong></span> <span class='ocrx_word' id='word_1_294' title='bbox 460 762 502 778; x_wconf 83' lang='lat' dir='ltr'><strong>datis</strong></span> <span class='ocrx_word' id='word_1_295' title='bbox 511 762 579 778; x_wconf 86' lang='lat' dir='ltr'><strong>amicum</strong></span> <span class='ocrx_word' id='word_1_296' title='bbox 587 762 679 783; x_wconf 81' lang='lat' dir='ltr'><strong>opprimere</strong></span> <span class='ocrx_word' id='word_1_297' title='bbox 691 763 730 779; x_wconf 66' lang='lat' dir='ltr'><strong>vuit,</strong></span> <span class='ocrx_word' id='word_1_298' title='bbox 752 763 809 784; x_wconf 80' lang='lat' dir='ltr'><strong>Itaque</strong></span> <span class='ocrx_word' id='word_1_299' title='bbox 817 763 844 779; x_wconf 85' lang='lat' dir='ltr'><strong>vix</strong></span> <span class='ocrx_word' id='word_1_300' title='bbox 852 763 917 784; x_wconf 81' lang='lat' dir='ltr'><strong>longum</strong></span> 
     </span>
     <span class='ocr_line' id='line_1_26' title="bbox 66 789 644 810; baseline -0.002 -4"><span class='ocrx_word' id='word_1_301' title='bbox 66 790 144 810; x_wconf 77' lang='lat' dir='ltr'><strong>temporis</strong></span> <span class='ocrx_word' id='word_1_302' title='bbox 156 790 227 810; x_wconf 76' lang='lat' dir='ltr'><strong>spatium</strong></span> <span class='ocrx_word' id='word_1_303' title='bbox 239 789 285 806; x_wconf 85' lang='lat' dir='ltr'><strong>libris</strong></span> <span class='ocrx_word' id='word_1_304' title='bbox 297 789 387 806; x_wconf 76' lang='lat' dir='ltr'><strong>scribendis</strong></span> <span class='ocrx_word' id='word_1_305' title='bbox 399 789 462 805; x_wconf 82' lang='lat' dir='ltr'><strong>Hirtius</strong></span> <span class='ocrx_word' id='word_1_306' title='bbox 474 789 572 810; x_wconf 81' lang='lat' dir='ltr'><strong>impendisse</strong></span> <span class='ocrx_word' id='word_1_307' title='bbox 584 791 644 810; x_wconf 80' lang='lat' dir='ltr'><strong>potest.</strong></span> 
     </span>
    </p>

    <p class='ocr_par' dir='ltr' id='par_1_4' title="bbox 65 816 921 1269">
     <span class='ocr_line' id='line_1_27' title="bbox 145 816 918 837; baseline 0.001 -4"><span class='ocrx_word' id='word_1_308' title='bbox 145 817 197 837; x_wconf 79' lang='lat' dir='ltr'><strong>Atque</strong></span> <span class='ocrx_word' id='word_1_309' title='bbox 210 817 252 833; x_wconf 86' lang='lat' dir='ltr'><strong>sicut</strong></span> <span class='ocrx_word' id='word_1_310' title='bbox 264 821 288 837; x_wconf 88' lang='lat' dir='ltr'><strong>es,</strong></span> <span class='ocrx_word' id='word_1_311' title='bbox 300 821 341 837; x_wconf 81' lang='lat' dir='ltr'><strong>quae</strong></span> <span class='ocrx_word' id='word_1_312' title='bbox 354 816 405 832; x_wconf 83' lang='lat' dir='ltr'><strong>adbuc</strong></span> <span class='ocrx_word' id='word_1_313' title='bbox 417 816 540 836; x_wconf 71' lang='lat' dir='ltr'><strong>disputavimus,</strong></span> <span class='ocrx_word' id='word_1_314' title='bbox 553 821 572 832; x_wconf 89' lang='lat' dir='ltr'><strong>ex</strong></span> <span class='ocrx_word' id='word_1_315' title='bbox 584 816 689 837; x_wconf 82' lang='lat' dir='ltr'><strong>praefationis</strong></span> <span class='ocrx_word' id='word_1_316' title='bbox 701 817 756 833; x_wconf 84' lang='lat' dir='ltr'><strong>indole</strong></span> <span class='ocrx_word' id='word_1_317' title='bbox 768 817 882 837; x_wconf 83' lang='lat' dir='ltr'><strong>concludimus,</strong></span> <span class='ocrx_word' id='word_1_318' title='bbox 895 817 918 834; x_wconf 78' lang='lat' dir='ltr'><strong>ita</strong></span> 
     </span>
     <span class='ocr_line' id='line_1_28' title="bbox 65 843 918 864; baseline 0 -4"><span class='ocrx_word' id='word_1_319' title='bbox 65 843 105 860; x_wconf 83' lang='lat' dir='ltr'><strong>haec</strong></span> <span class='ocrx_word' id='word_1_320' title='bbox 117 848 180 864; x_wconf 82' lang='lat' dir='ltr'><strong>qnoque</strong></span> <span class='ocrx_word' id='word_1_321' title='bbox 192 848 202 859; x_wconf 89' lang='lat' dir='ltr'><strong>a</strong></span> <span class='ocrx_word' id='word_1_322' title='bbox 214 843 295 860; x_wconf 85' lang='lat' dir='ltr'><strong>nonnullis</strong></span> <span class='ocrx_word' id='word_1_323' title='bbox 307 844 338 859; x_wconf 82' lang='lat' dir='ltr'><strong>iam</strong></span> <span class='ocrx_word' id='word_1_324' title='bbox 351 843 411 860; x_wconf 88' lang='lat' dir='ltr'><strong>iactata</strong></span> <span class='ocrx_word' id='word_1_325' title='bbox 424 845 440 859; x_wconf 86' lang='lat' dir='ltr'><strong>et</strong></span> <span class='ocrx_word' id='word_1_326' title='bbox 452 844 505 859; x_wconf 88' lang='lat' dir='ltr'><strong>tamen</strong></span> <span class='ocrx_word' id='word_1_327' title='bbox 518 844 547 859; x_wconf 71' lang='lat' dir='ltr'><strong>aut</strong></span> <span class='ocrx_word' id='word_1_328' title='bbox 559 843 632 863; x_wconf 85' lang='lat' dir='ltr'><strong>neglecta</strong></span> <span class='ocrx_word' id='word_1_329' title='bbox 644 845 673 859; x_wconf 92' lang='lat' dir='ltr'><strong>aut</strong></span> <span class='ocrx_word' id='word_1_330' title='bbox 684 843 725 860; x_wconf 81' lang='lat' dir='ltr'><strong>falso</strong></span> <span class='ocrx_word' id='word_1_331' title='bbox 736 844 808 860; x_wconf 83' lang='lat' dir='ltr'><strong>iudicata</strong></span> <span class='ocrx_word' id='word_1_332' title='bbox 815 844 889 864; x_wconf 81' lang='lat' dir='ltr'><strong>quaestio</strong></span> <span class='ocrx_word' id='word_1_333' title='bbox 898 844 918 860; x_wconf 81' lang='lat' dir='ltr'><strong>de</strong></span> 
     </span>
     <span class='ocr_line' id='line_1_29' title="bbox 65 870 918 891; baseline 0 -5"><span class='ocrx_word' id='word_1_334' title='bbox 65 870 129 886; x_wconf 83' lang='lat' dir='ltr'><strong>ratione</strong></span> <span class='ocrx_word' id='word_1_335' title='bbox 149 871 227 891; x_wconf 78' lang='lat' dir='ltr'><strong>modoque</strong></span> <span class='ocrx_word' id='word_1_336' title='bbox 245 870 326 887; x_wconf 83' lang='lat' dir='ltr'><strong>scribendi</strong></span> <span class='ocrx_word' id='word_1_337' title='bbox 337 870 387 886; x_wconf 77' lang='lat' dir='ltr'><strong>Hirtii</strong></span> <span class='ocrx_word' id='word_1_338' title='bbox 402 875 421 886; x_wconf 80' lang='lat' dir='ltr'><strong>ex</strong></span> <span class='ocrx_word' id='word_1_339' title='bbox 436 870 507 890; x_wconf 75' lang='lat' dir='ltr'><strong>epistula</strong></span> <span class='ocrx_word' id='word_1_340' title='bbox 521 870 557 890; x_wconf 79' lang='lat' dir='ltr'><strong>ipsa</strong></span> <span class='ocrx_word' id='word_1_341' title='bbox 569 874 643 891; x_wconf 75' lang='lat' dir='ltr'><strong>magnam</strong></span> <span class='ocrx_word' id='word_1_342' title='bbox 656 871 671 886; x_wconf 91' lang='lat' dir='ltr'><strong>iu</strong></span> <span class='ocrx_word' id='word_1_343' title='bbox 684 872 746 890; x_wconf 84' lang='lat' dir='ltr'><strong>partem</strong></span> <span class='ocrx_word' id='word_1_344' title='bbox 759 871 846 891; x_wconf 84' lang='lat' dir='ltr'><strong>disceptari</strong></span> <span class='ocrx_word' id='word_1_345' title='bbox 858 872 918 891; x_wconf 82' lang='lat' dir='ltr'><strong>potest.</strong></span> 
     </span>
     <span class='ocr_line' id='line_1_30' title="bbox 66 897 919 917; baseline 0.001 -4"><span class='ocrx_word' id='word_1_346' title='bbox 66 897 90 913; x_wconf 83' lang='lat' dir='ltr'><strong>Ac</strong></span> <span class='ocrx_word' id='word_1_347' title='bbox 102 897 170 917; x_wconf 85' lang='lat' dir='ltr'><strong>primum</strong></span> <span class='ocrx_word' id='word_1_348' title='bbox 183 900 201 913; x_wconf 85' lang='lat' dir='ltr'><strong>ut</strong></span> <span class='ocrx_word' id='word_1_349' title='bbox 210 897 262 914; x_wconf 82' lang='lat' dir='ltr'><strong>Hirtio</strong></span> <span class='ocrx_word' id='word_1_350' title='bbox 275 897 291 913; x_wconf 90' lang='lat' dir='ltr'><strong>in</strong></span> <span class='ocrx_word' id='word_1_351' title='bbox 303 897 388 914; x_wconf 85' lang='lat' dir='ltr'><strong>scribenda</strong></span> <span class='ocrx_word' id='word_1_352' title='bbox 400 902 431 913; x_wconf 85' lang='lat' dir='ltr'><strong>non</strong></span> <span class='ocrx_word' id='word_1_353' title='bbox 444 897 529 913; x_wconf 77' lang='lat' dir='ltr'><strong>admodum</strong></span> <span class='ocrx_word' id='word_1_354' title='bbox 542 897 630 913; x_wconf 80' lang='lat' dir='ltr'><strong>exercitato</strong></span> <span class='ocrx_word' id='word_1_355' title='bbox 643 897 677 913; x_wconf 82' lang='lat' dir='ltr'><strong>vire</strong></span> <span class='ocrx_word' id='word_1_356' title='bbox 689 902 721 913; x_wconf 87' lang='lat' dir='ltr'><strong>non</strong></span> <span class='ocrx_word' id='word_1_357' title='bbox 733 897 780 914; x_wconf 83' lang='lat' dir='ltr'><strong>facile</strong></span> <span class='ocrx_word' id='word_1_358' title='bbox 788 898 866 914; x_wconf 83' lang='lat' dir='ltr'><strong>accidisse</strong></span> <span class='ocrx_word' id='word_1_359' title='bbox 875 899 919 914; x_wconf 75' lang='lat' dir='ltr'><strong>recte</strong></span> 
     </span>
     <span class='ocr_line' id='line_1_31' title="bbox 66 924 919 945; baseline 0.001 -5"><span class='ocrx_word' id='word_1_360' title='bbox 66 924 116 944; x_wconf 81' lang='lat' dir='ltr'><strong>dicas,</strong></span> <span class='ocrx_word' id='word_1_361' title='bbox 134 926 152 940; x_wconf 88' lang='lat' dir='ltr'><strong>ut</strong></span> <span class='ocrx_word' id='word_1_362' title='bbox 170 924 233 941; x_wconf 79' lang='lat' dir='ltr'><strong>etiamsi</strong></span> <span class='ocrx_word' id='word_1_363' title='bbox 251 924 319 941; x_wconf 80' lang='lat' dir='ltr'><strong>materia</strong></span> <span class='ocrx_word' id='word_1_364' title='bbox 337 925 373 944; x_wconf 72' lang='lat' dir='ltr'><strong>ipsa</strong></span> <span class='ocrx_word' id='word_1_365' title='bbox 390 924 469 944; x_wconf 76' lang='lat' dir='ltr'><strong>varietate</strong></span> <span class='ocrx_word' id='word_1_366' title='bbox 487 928 541 940; x_wconf 85' lang='lat' dir='ltr'><strong>rerum</strong></span> <span class='ocrx_word' id='word_1_367' title='bbox 558 928 577 940; x_wconf 90' lang='lat' dir='ltr'><strong>ac</strong></span> <span class='ocrx_word' id='word_1_368' title='bbox 594 924 665 940; x_wconf 84' lang='lat' dir='ltr'><strong>locorum</strong></span> <span class='ocrx_word' id='word_1_369' title='bbox 680 924 791 945; x_wconf 81' lang='lat' dir='ltr'><strong>bellorumque</strong></span> <span class='ocrx_word' id='word_1_370' title='bbox 808 925 919 945; x_wconf 74' lang='lat' dir='ltr'><strong>magnitudine</strong></span> 
     </span>
     <span class='ocr_line' id='line_1_32' title="bbox 65 950 919 972; baseline 0.001 -5"><span class='ocrx_word' id='word_1_371' title='bbox 65 950 147 967; x_wconf 80' lang='lat' dir='ltr'><strong>excellens</strong></span> <span class='ocrx_word' id='word_1_372' title='bbox 158 951 229 967; x_wconf 77' lang='lat' dir='ltr'><strong>animum</strong></span> <span class='ocrx_word' id='word_1_373' title='bbox 241 953 348 972; x_wconf 76' lang='lat' dir='ltr'><strong>permoveret,</strong></span> <span class='ocrx_word' id='word_1_374' title='bbox 366 955 425 972; x_wconf 74' lang='lat' dir='ltr'><strong>magna</strong></span> <span class='ocrx_word' id='word_1_375' title='bbox 439 951 523 967; x_wconf 80' lang='lat' dir='ltr'><strong>eeleritate</strong></span> <span class='ocrx_word' id='word_1_376' title='bbox 535 951 665 972; x_wconf 75' lang='lat' dir='ltr'><strong>progrederetur.</strong></span> <span class='ocrx_word' id='word_1_377' title='bbox 683 951 707 968; x_wconf 81' lang='lat' dir='ltr'><strong>ita</strong></span> <span class='ocrx_word' id='word_1_378' title='bbox 719 951 738 967; x_wconf 88' lang='lat' dir='ltr'><strong>iis</strong></span> <span class='ocrx_word' id='word_1_379' title='bbox 751 951 809 971; x_wconf 88' lang='lat' dir='ltr'><strong>verbis,</strong></span> <span class='ocrx_word' id='word_1_380' title='bbox 827 956 869 972; x_wconf 86' lang='lat' dir='ltr'><strong>quae</strong></span> <span class='ocrx_word' id='word_1_381' title='bbox 880 953 919 968; x_wconf 91' lang='lat' dir='ltr'><strong>sunt</strong></span> 
     </span>
     <span class='ocr_line' id='line_1_33' title="bbox 66 977 918 999; baseline 0 -5"><span class='ocrx_word' id='word_1_382' title='bbox 66 977 83 994; x_wconf 87' lang='lat' dir='ltr'><strong>in</strong></span> <span class='ocrx_word' id='word_1_383' title='bbox 96 982 121 998; x_wconf 79' lang='lat' dir='ltr'><strong>ep.</strong></span> <span class='ocrx_word' id='word_1_384' title='bbox 133 978 153 994; x_wconf 76' lang='lat' dir='ltr'><strong>ad</strong></span> <span class='ocrx_word' id='word_1_385' title='bbox 162 977 214 994; x_wconf 60' lang='lat' dir='ltr'><strong>Bam:</strong></span> <span class='ocrx_word' id='word_1_386' title='bbox 227 978 277 994; x_wconf 79' lang='lat' dir='ltr'><strong>‘cuius</strong></span> <span class='ocrx_word' id='word_1_387' title='bbox 289 980 342 994; x_wconf 81' lang='lat' dir='ltr'><strong>tamen</strong></span> <span class='ocrx_word' id='word_1_388' title='bbox 356 978 379 994; x_wconf 89' lang='lat' dir='ltr'><strong>rei</strong></span> <span class='ocrx_word' id='word_1_389' title='bbox 391 978 488 999; x_wconf 67' lang='lat' dir='ltr'><strong>(elegantiae</strong></span> <span class='ocrx_word' id='word_1_390' title='bbox 497 978 572 994; x_wconf 82' lang='lat' dir='ltr'><strong>Caesaris</strong></span> <span class='ocrx_word' id='word_1_391' title='bbox 580 979 616 998; x_wconf 84' lang='lat' dir='ltr'><strong>ete.)</strong></span> <span class='ocrx_word' id='word_1_392' title='bbox 629 978 680 994; x_wconf 84' lang='lat' dir='ltr'><strong>maier</strong></span> <span class='ocrx_word' id='word_1_393' title='bbox 692 979 748 994; x_wconf 87' lang='lat' dir='ltr'><strong>nostra</strong></span> <span class='ocrx_word' id='word_1_394' title='bbox 759 983 807 999; x_wconf 84' lang='lat' dir='ltr'><strong>quam</strong></span> <span class='ocrx_word' id='word_1_395' title='bbox 819 978 918 999; x_wconf 80' lang='lat' dir='ltr'><strong>reliquorum</strong></span> 
     </span>
     <span class='ocr_line' id='line_1_34' title="bbox 66 1004 919 1026; baseline 0 -5"><span class='ocrx_word' id='word_1_396' title='bbox 66 1006 93 1021; x_wconf 84' lang='lat' dir='ltr'><strong>est</strong></span> <span class='ocrx_word' id='word_1_397' title='bbox 110 1004 202 1021; x_wconf 86' lang='lat' dir='ltr'><strong>admiratio:</strong></span> <span class='ocrx_word' id='word_1_398' title='bbox 221 1005 270 1021; x_wconf 81' lang='lat' dir='ltr'><strong>ceteri</strong></span> <span class='ocrx_word' id='word_1_399' title='bbox 283 1005 331 1025; x_wconf 76' lang='lat' dir='ltr'><strong>euim,</strong></span> <span class='ocrx_word' id='word_1_400' title='bbox 349 1010 396 1026; x_wconf 86' lang='lat' dir='ltr'><strong>quarn</strong></span> <span class='ocrx_word' id='word_1_401' title='bbox 410 1005 450 1021; x_wconf 87' lang='lat' dir='ltr'><strong>bene</strong></span> <span class='ocrx_word' id='word_1_402' title='bbox 465 1007 514 1025; x_wconf 79' lang='lat' dir='ltr'><strong>atque</strong></span> <span class='ocrx_word' id='word_1_403' title='bbox 529 1005 618 1025; x_wconf 80' lang='lat' dir='ltr'><strong>emendate,</strong></span> <span class='ocrx_word' id='word_1_404' title='bbox 637 1009 666 1021; x_wconf 81' lang='lat' dir='ltr'><strong>uas</strong></span> <span class='ocrx_word' id='word_1_405' title='bbox 679 1005 733 1025; x_wconf 82' lang='lat' dir='ltr'><strong>etiam,</strong></span> <span class='ocrx_word' id='word_1_406' title='bbox 751 1010 798 1026; x_wconf 74' lang='lat' dir='ltr'><strong>quarn</strong></span> <span class='ocrx_word' id='word_1_407' title='bbox 811 1004 857 1022; x_wconf 79' lang='lat' dir='ltr'><strong>facile</strong></span> <span class='ocrx_word' id='word_1_408' title='bbox 870 1007 919 1026; x_wconf 76' lang='lat' dir='ltr'><strong>atque</strong></span> 
     </span>
     <span class='ocr_line' id='line_1_35' title="bbox 67 1031 920 1053; baseline 0.001 -5"><span class='ocrx_word' id='word_1_409' title='bbox 67 1031 143 1048; x_wconf 86' lang='lat' dir='ltr'><strong>celeriter</strong></span> <span class='ocrx_word' id='word_1_410' title='bbox 155 1036 183 1048; x_wconf 80' lang='lat' dir='ltr'><strong>eos</strong></span> <span class='ocrx_word' id='word_1_411' title='bbox 195 1031 258 1053; x_wconf 82' lang='lat' dir='ltr'><strong>(libros)</strong></span> <span class='ocrx_word' id='word_1_412' title='bbox 271 1031 357 1052; x_wconf 80' lang='lat' dir='ltr'><strong>perfecerit</strong></span> <span class='ocrx_word' id='word_1_413' title='bbox 369 1032 396 1052; x_wconf 65' lang='lat' dir='ltr'><strong>(sc⁴</strong></span> <span class='ocrx_word' id='word_1_414' title='bbox 410 1032 480 1052; x_wconf 81' lang='lat' dir='ltr'><strong>Caesar),</strong></span> <span class='ocrx_word' id='word_1_415' title='bbox 492 1032 562 1052; x_wconf 76' lang='lat' dir='ltr'><strong>scimus&#39;,</strong></span> <span class='ocrx_word' id='word_1_416' title='bbox 574 1032 609 1052; x_wconf 91' lang='lat' dir='ltr'><strong>ipse</strong></span> <span class='ocrx_word' id='word_1_417' title='bbox 617 1031 709 1052; x_wconf 79' lang='lat' dir='ltr'><strong>significare</strong></span> <span class='ocrx_word' id='word_1_418' title='bbox 717 1032 785 1052; x_wconf 83' lang='lat' dir='ltr'><strong>videtur,</strong></span> <span class='ocrx_word' id='word_1_419' title='bbox 798 1032 829 1049; x_wconf 85' lang='lat' dir='ltr'><strong>sibi</strong></span> <span class='ocrx_word' id='word_1_420' title='bbox 837 1037 867 1049; x_wconf 86' lang='lat' dir='ltr'><strong>non</strong></span> <span class='ocrx_word' id='word_1_421' title='bbox 877 1032 920 1049; x_wconf 86' lang='lat' dir='ltr'><strong>idem</strong></span> 
     </span>
     <span class='ocr_line' id='line_1_36' title="bbox 67 1058 919 1080; baseline 0.001 -5"><span class='ocrx_word' id='word_1_422' title='bbox 67 1058 159 1079; x_wconf 75' lang='lat' dir='ltr'><strong>contigisse.</strong></span> <span class='ocrx_word' id='word_1_423' title='bbox 172 1060 190 1075; x_wconf 93' lang='lat' dir='ltr'><strong>ut</strong></span> <span class='ocrx_word' id='word_1_424' title='bbox 202 1058 249 1075; x_wconf 79' lang='lat' dir='ltr'><strong>facile</strong></span> <span class='ocrx_word' id='word_1_425' title='bbox 261 1061 277 1075; x_wconf 88' lang='lat' dir='ltr'><strong>et</strong></span> <span class='ocrx_word' id='word_1_426' title='bbox 289 1059 365 1076; x_wconf 80' lang='lat' dir='ltr'><strong>celeriter</strong></span> <span class='ocrx_word' id='word_1_427' title='bbox 376 1059 426 1075; x_wconf 87' lang='lat' dir='ltr'><strong>libros</strong></span> <span class='ocrx_word' id='word_1_428' title='bbox 438 1059 551 1079; x_wconf 82' lang='lat' dir='ltr'><strong>perscriberet.</strong></span> <span class='ocrx_word' id='word_1_429' title='bbox 568 1058 608 1075; x_wconf 82' lang='lat' dir='ltr'><strong>Nam</strong></span> <span class='ocrx_word' id='word_1_430' title='bbox 621 1059 647 1080; x_wconf 84' lang='lat' dir='ltr'><strong>qui</strong></span> <span class='ocrx_word' id='word_1_431' title='bbox 660 1060 677 1075; x_wconf 89' lang='lat' dir='ltr'><strong>et</strong></span> <span class='ocrx_word' id='word_1_432' title='bbox 688 1059 785 1079; x_wconf 80' lang='lat' dir='ltr'><strong>elegantiam</strong></span> <span class='ocrx_word' id='word_1_433' title='bbox 794 1061 811 1076; x_wconf 82' lang='lat' dir='ltr'><strong>et</strong></span> <span class='ocrx_word' id='word_1_434' title='bbox 819 1059 919 1076; x_wconf 82' lang='lat' dir='ltr'><strong>celeritatem</strong></span> 
     </span>
     <span class='ocr_line' id='line_1_37' title="bbox 66 1085 921 1107; baseline 0.002 -6"><span class='ocrx_word' id='word_1_435' title='bbox 66 1085 195 1106; x_wconf 79' lang='lat' dir='ltr'><strong>facilitatemque</strong></span> <span class='ocrx_word' id='word_1_436' title='bbox 210 1086 294 1106; x_wconf 80' lang='lat' dir='ltr'><strong>scriptoris</strong></span> <span class='ocrx_word' id='word_1_437' title='bbox 314 1086 400 1102; x_wconf 88' lang='lat' dir='ltr'><strong>cuiuslibet</strong></span> <span class='ocrx_word' id='word_1_438' title='bbox 411 1086 505 1106; x_wconf 80' lang='lat' dir='ltr'><strong>admiratur,</strong></span> <span class='ocrx_word' id='word_1_439' title='bbox 524 1086 537 1102; x_wconf 87' lang='lat' dir='ltr'><strong>is</strong></span> <span class='ocrx_word' id='word_1_440' title='bbox 552 1087 595 1102; x_wconf 79' lang='lat' dir='ltr'><strong>certe</strong></span> <span class='ocrx_word' id='word_1_441' title='bbox 607 1086 638 1102; x_wconf 89' lang='lat' dir='ltr'><strong>sibi</strong></span> <span class='ocrx_word' id='word_1_442' title='bbox 650 1086 750 1106; x_wconf 76' lang='lat' dir='ltr'><strong>persuasisse</strong></span> <span class='ocrx_word' id='word_1_443' title='bbox 762 1086 843 1107; x_wconf 79' lang='lat' dir='ltr'><strong>putandus</strong></span> <span class='ocrx_word' id='word_1_444' title='bbox 855 1088 885 1106; x_wconf 83' lang='lat' dir='ltr'><strong>est,</strong></span> <span class='ocrx_word' id='word_1_445' title='bbox 903 1091 921 1103; x_wconf 88' lang='lat' dir='ltr'><strong>se</strong></span> 
     </span>
     <span class='ocr_line' id='line_1_38' title="bbox 67 1112 920 1134; baseline 0.001 -5"><span class='ocrx_word' id='word_1_446' title='bbox 67 1112 133 1129; x_wconf 85' lang='lat' dir='ltr'><strong>minime</strong></span> <span class='ocrx_word' id='word_1_447' title='bbox 145 1117 181 1129; x_wconf 88' lang='lat' dir='ltr'><strong>eum</strong></span> <span class='ocrx_word' id='word_1_448' title='bbox 194 1113 271 1129; x_wconf 81' lang='lat' dir='ltr'><strong>aemulari</strong></span> <span class='ocrx_word' id='word_1_449' title='bbox 284 1114 300 1129; x_wconf 89' lang='lat' dir='ltr'><strong>et</strong></span> <span class='ocrx_word' id='word_1_450' title='bbox 312 1113 404 1133; x_wconf 78' lang='lat' dir='ltr'><strong>adaequare</strong></span> <span class='ocrx_word' id='word_1_451' title='bbox 416 1117 468 1133; x_wconf 88' lang='lat' dir='ltr'><strong>posse.</strong></span> <span class='ocrx_word' id='word_1_452' title='bbox 488 1112 520 1129; x_wconf 89' lang='lat' dir='ltr'><strong>Sed</strong></span> <span class='ocrx_word' id='word_1_453' title='bbox 528 1113 591 1129; x_wconf 81' lang='lat' dir='ltr'><strong>etiamsi</strong></span> <span class='ocrx_word' id='word_1_454' title='bbox 599 1112 634 1132; x_wconf 81' lang='lat' dir='ltr'><strong>hoc.</strong></span> <span class='ocrx_word' id='word_1_455' title='bbox 647 1114 727 1133; x_wconf 84' lang='lat' dir='ltr'><strong>quatenus</strong></span> <span class='ocrx_word' id='word_1_456' title='bbox 735 1113 755 1129; x_wconf 89' lang='lat' dir='ltr'><strong>ad</strong></span> <span class='ocrx_word' id='word_1_457' title='bbox 764 1113 834 1130; x_wconf 83' lang='lat' dir='ltr'><strong>Hirtium</strong></span> <span class='ocrx_word' id='word_1_458' title='bbox 843 1113 920 1134; x_wconf 84' lang='lat' dir='ltr'><strong>pertinet,</strong></span> 
     </span>
     <span class='ocr_line' id='line_1_39' title="bbox 67 1139 921 1160; baseline 0.002 -5"><span class='ocrx_word' id='word_1_459' title='bbox 67 1139 121 1156; x_wconf 82' lang='lat' dir='ltr'><strong>levius</strong></span> <span class='ocrx_word' id='word_1_460' title='bbox 138 1141 191 1160; x_wconf 78' lang='lat' dir='ltr'><strong>putas,</strong></span> <span class='ocrx_word' id='word_1_461' title='bbox 210 1140 300 1160; x_wconf 77' lang='lat' dir='ltr'><strong>argumenti</strong></span> <span class='ocrx_word' id='word_1_462' title='bbox 317 1140 370 1157; x_wconf 61' lang='lat' dir='ltr'><strong>instar</strong></span> <span class='ocrx_word' id='word_1_463' title='bbox 387 1141 417 1160; x_wconf 86' lang='lat' dir='ltr'><strong>est,</strong></span> <span class='ocrx_word' id='word_1_464' title='bbox 435 1140 477 1160; x_wconf 84' lang='lat' dir='ltr'><strong>quod</strong></span> <span class='ocrx_word' id='word_1_465' title='bbox 489 1139 543 1156; x_wconf 82' lang='lat' dir='ltr'><strong>Hirtio</strong></span> <span class='ocrx_word' id='word_1_466' title='bbox 561 1144 592 1156; x_wconf 90' lang='lat' dir='ltr'><strong>non</strong></span> <span class='ocrx_word' id='word_1_467' title='bbox 610 1140 650 1156; x_wconf 87' lang='lat' dir='ltr'><strong>satis</strong></span> <span class='ocrx_word' id='word_1_468' title='bbox 665 1140 719 1160; x_wconf 86' lang='lat' dir='ltr'><strong>ampla</strong></span> <span class='ocrx_word' id='word_1_469' title='bbox 731 1140 799 1157; x_wconf 79' lang='lat' dir='ltr'><strong>materia</strong></span> <span class='ocrx_word' id='word_1_470' title='bbox 811 1140 891 1157; x_wconf 78' lang='lat' dir='ltr'><strong>tractandi</strong></span> <span class='ocrx_word' id='word_1_471' title='bbox 904 1142 921 1157; x_wconf 80' lang='lat' dir='ltr'><strong>et</strong></span> 
     </span>
     <span class='ocr_line' id='line_1_40' title="bbox 68 1166 920 1188; baseline 0.001 -5"><span class='ocrx_word' id='word_1_472' title='bbox 68 1167 168 1183; x_wconf 83' lang='lat' dir='ltr'><strong>memorandi</strong></span> <span class='ocrx_word' id='word_1_473' title='bbox 187 1168 226 1183; x_wconf 76' lang='lat' dir='ltr'><strong>erat.</strong></span> <span class='ocrx_word' id='word_1_474' title='bbox 251 1167 291 1183; x_wconf 87' lang='lat' dir='ltr'><strong>Nam</strong></span> <span class='ocrx_word' id='word_1_475' title='bbox 309 1169 326 1183; x_wconf 88' lang='lat' dir='ltr'><strong>et</strong></span> <span class='ocrx_word' id='word_1_476' title='bbox 340 1168 375 1188; x_wconf 87' lang='lat' dir='ltr'><strong>ipse</strong></span> <span class='ocrx_word' id='word_1_477' title='bbox 389 1171 406 1183; x_wconf 90' lang='lat' dir='ltr'><strong>se</strong></span> <span class='ocrx_word' id='word_1_478' title='bbox 422 1167 464 1183; x_wconf 77' lang='lat' dir='ltr'><strong>bellu</strong></span> <span class='ocrx_word' id='word_1_479' title='bbox 476 1167 500 1183; x_wconf 82' lang='grc' dir='ltr'><strong>Δ1,</strong></span> <span class='ocrx_word' id='word_1_480' title='bbox 513 1168 530 1183; x_wconf 89' lang='lat' dir='ltr'><strong>et</strong></span> <span class='ocrx_word' id='word_1_481' title='bbox 542 1166 575 1183; x_wconf 79' lang='lat' dir='ltr'><strong>Afr.</strong></span> <span class='ocrx_word' id='word_1_482' title='bbox 588 1171 620 1183; x_wconf 81' lang='lat' dir='ltr'><strong>non</strong></span> <span class='ocrx_word' id='word_1_483' title='bbox 632 1166 724 1183; x_wconf 80' lang='lat' dir='ltr'><strong>interfuisse</strong></span> <span class='ocrx_word' id='word_1_484' title='bbox 737 1167 810 1188; x_wconf 84' lang='lat' dir='ltr'><strong>queritur</strong></span> <span class='ocrx_word' id='word_1_485' title='bbox 822 1169 839 1184; x_wconf 84' lang='lat' dir='ltr'><strong>et</strong></span> <span class='ocrx_word' id='word_1_486' title='bbox 851 1167 920 1188; x_wconf 82' lang='lat' dir='ltr'><strong>Nipper-</strong></span> 
     </span>
     <span class='ocr_line' id='line_1_41' title="bbox 68 1193 921 1215; baseline 0.001 -5"><span class='ocrx_word' id='word_1_487' title='bbox 68 1193 132 1214; x_wconf 85' lang='lat' dir='ltr'><strong>deius&#39;)</strong></span> <span class='ocrx_word' id='word_1_488' title='bbox 147 1198 164 1210; x_wconf 83' lang='lat' dir='ltr'><strong>re</strong></span> <span class='ocrx_word' id='word_1_489' title='bbox 176 1194 297 1210; x_wconf 75' lang='lat' dir='ltr'><strong>accuratissime</strong></span> <span class='ocrx_word' id='word_1_490' title='bbox 312 1194 393 1215; x_wconf 80' lang='lat' dir='ltr'><strong>exquisita</strong></span> <span class='ocrx_word' id='word_1_491' title='bbox 405 1194 428 1210; x_wconf 87' lang='lat' dir='ltr'><strong>ita</strong></span> <span class='ocrx_word' id='word_1_492' title='bbox 439 1193 496 1210; x_wconf 79' lang='lat' dir='ltr'><strong>refert:</strong></span> <span class='ocrx_word' id='word_1_493' title='bbox 514 1193 588 1213; x_wconf 76' lang='lat' dir='ltr'><strong>⁴ffirtins,</strong></span> <span class='ocrx_word' id='word_1_494' title='bbox 603 1194 640 1210; x_wconf 90' lang='lat' dir='ltr'><strong>dum</strong></span> <span class='ocrx_word' id='word_1_495' title='bbox 652 1194 712 1210; x_wconf 80' lang='lat' dir='ltr'><strong>Caesar</strong></span> <span class='ocrx_word' id='word_1_496' title='bbox 724 1194 831 1211; x_wconf 79' lang='lat' dir='ltr'><strong>Alexandriae</strong></span> <span class='ocrx_word' id='word_1_497' title='bbox 843 1196 921 1213; x_wconf 78' lang='lat' dir='ltr'><strong>moratur,</strong></span> 
     </span>
     <span class='ocr_line' id='line_1_42' title="bbox 69 1220 921 1242; baseline 0.002 -6"><span class='ocrx_word' id='word_1_498' title='bbox 69 1220 87 1236; x_wconf 87' lang='lat' dir='ltr'><strong>in</strong></span> <span class='ocrx_word' id='word_1_499' title='bbox 100 1220 160 1237; x_wconf 79' lang='lat' dir='ltr'><strong>Achaia</strong></span> <span class='ocrx_word' id='word_1_500' title='bbox 172 1222 212 1237; x_wconf 78' lang='lat' dir='ltr'><strong>erat.</strong></span> <span class='ocrx_word' id='word_1_501' title='bbox 236 1221 292 1238; x_wconf 81' lang='lat' dir='ltr'><strong>Cicero</strong></span> <span class='ocrx_word' id='word_1_502' title='bbox 304 1220 363 1241; x_wconf 69' lang='lat' dir='ltr'><strong>enim&#39;)</strong></span> <span class='ocrx_word' id='word_1_503' title='bbox 375 1220 453 1241; x_wconf 81' lang='lat' dir='ltr'><strong>quaedam</strong></span> <span class='ocrx_word' id='word_1_504' title='bbox 466 1225 502 1237; x_wconf 90' lang='lat' dir='ltr'><strong>eum</strong></span> <span class='ocrx_word' id='word_1_505' title='bbox 514 1220 534 1237; x_wconf 83' lang='lat' dir='ltr'><strong>de</strong></span> <span class='ocrx_word' id='word_1_506' title='bbox 546 1220 606 1240; x_wconf 79' lang='lat' dir='ltr'><strong>Quinto</strong></span> <span class='ocrx_word' id='word_1_507' title='bbox 618 1220 668 1237; x_wconf 82' lang='lat' dir='ltr'><strong>fratre</strong></span> <span class='ocrx_word' id='word_1_508' title='bbox 681 1221 711 1237; x_wconf 87' lang='lat' dir='ltr'><strong>sibi</strong></span> <span class='ocrx_word' id='word_1_509' title='bbox 723 1221 807 1238; x_wconf 87' lang='lat' dir='ltr'><strong>nuntiasse</strong></span> <span class='ocrx_word' id='word_1_510' title='bbox 819 1221 880 1241; x_wconf 80' lang='lat' dir='ltr'><strong>scribit,</strong></span> <span class='ocrx_word' id='word_1_511' title='bbox 893 1221 921 1242; x_wconf 84' lang='lat' dir='ltr'><strong>qui</strong></span> 
     </span>
     <span class='ocr_line' id='line_1_43' title="bbox 68 1247 921 1269; baseline 0.001 -5"><span class='ocrx_word' id='word_1_512' title='bbox 68 1247 124 1264; x_wconf 83' lang='lat' dir='ltr'><strong>Patris</strong></span> <span class='ocrx_word' id='word_1_513' title='bbox 138 1247 195 1268; x_wconf 84' lang='lat' dir='ltr'><strong>erat⁴).</strong></span> <span class='ocrx_word' id='word_1_514' title='bbox 218 1247 257 1264; x_wconf 88' lang='lat' dir='ltr'><strong>Inde</strong></span> <span class='ocrx_word' id='word_1_515' title='bbox 272 1247 354 1268; x_wconf 85' lang='lat' dir='ltr'><strong>profectus</strong></span> <span class='ocrx_word' id='word_1_516' title='bbox 369 1252 404 1264; x_wconf 85' lang='lat' dir='ltr'><strong>cum</strong></span> <span class='ocrx_word' id='word_1_517' title='bbox 416 1247 476 1264; x_wconf 84' lang='lat' dir='ltr'><strong>Caesar</strong></span> <span class='ocrx_word' id='word_1_518' title='bbox 488 1247 587 1264; x_wconf 78' lang='lat' dir='ltr'><strong>Alexandria</strong></span> <span class='ocrx_word' id='word_1_519' title='bbox 600 1248 702 1265; x_wconf 89' lang='lat' dir='ltr'><strong>discessisset</strong></span> <span class='ocrx_word' id='word_1_520' title='bbox 714 1249 731 1265; x_wconf 89' lang='lat' dir='ltr'><strong>et</strong></span> <span class='ocrx_word' id='word_1_521' title='bbox 743 1248 759 1265; x_wconf 87' lang='lat' dir='ltr'><strong>in</strong></span> <span class='ocrx_word' id='word_1_522' title='bbox 771 1248 833 1269; x_wconf 83' lang='lat' dir='ltr'><strong>Syriam</strong></span> <span class='ocrx_word' id='word_1_523' title='bbox 845 1248 921 1269; x_wconf 79' lang='lat' dir='ltr'><strong>venisset,</strong></span> 
     </span>
    </p>
   </div>
   <div class='ocr_carea' id='block_1_3' title="bbox 69 1286 177 1289">
    <p class='ocr_par' dir='ltr' id='par_1_5' title="bbox 69 1286 177 1289">
     <span class='ocr_line' id='line_1_44' title="bbox 69 1286 177 1289; baseline 0 0"><span class='ocrx_word' id='word_1_524' title='bbox 69 1286 177 1289; x_wconf 95' lang='lat' dir='ltr'><strong> </strong></span> 
     </span>
    </p>
   </div>
   <div class='ocr_carea' id='block_1_4' title="bbox 153 1291 834 1348">
    <p class='ocr_par' dir='ltr' id='par_1_6' title="bbox 153 1291 834 1348">
     <span class='ocr_line' id='line_1_45' title="bbox 153 1291 825 1324; baseline 0.001 -5"><span class='ocrx_word' id='word_1_525' title='bbox 153 1306 163 1323; x_wconf 74' lang='grc' dir='ltr'><strong>ι)</strong></span> <span class='ocrx_word' id='word_1_526' title='bbox 172 1306 190 1319; x_wconf 71' lang='lat' dir='ltr'><strong>et</strong></span> <span class='ocrx_word' id='word_1_527' title='bbox 201 1306 268 1323; x_wconf 55' lang='lat' dir='ltr'><strong>„ge-s.</strong></span> <span class='ocrx_word' id='word_1_528' title='bbox 278 1313 294 1315; x_wconf 95' lang='lat'><strong>—</strong></span> <span class='ocrx_word' id='word_1_529' title='bbox 304 1306 315 1323; x_wconf 69' lang='grc' dir='ltr'><strong>ι)</strong></span> <span class='ocrx_word' id='word_1_530' title='bbox 324 1305 345 1319; x_wconf 69' lang='lat' dir='ltr'><strong>ea.</strong></span> <span class='ocrx_word' id='word_1_531' title='bbox 355 1305 394 1320; x_wconf 71' lang='lat' dir='ltr'><strong>em.</strong></span> <span class='ocrx_word' id='word_1_532' title='bbox 404 1309 427 1323; x_wconf 64' lang='grc' dir='ltr'><strong>μς.</strong></span> <span class='ocrx_word' id='word_1_533' title='bbox 434 1306 453 1320; x_wconf 68' lang='lat'><strong>10⁴</strong></span> <span class='ocrx_word' id='word_1_534' title='bbox 463 1313 479 1315; x_wconf 95' lang='lat'><em>-</em></span> <span class='ocrx_word' id='word_1_535' title='bbox 489 1305 501 1323; x_wconf 61' lang='grc' dir='ltr'><strong>ε)</strong></span> <span class='ocrx_word' id='word_1_536' title='bbox 510 1305 527 1319; x_wconf 76' lang='grc' dir='ltr'><strong>ιιι</strong></span> <span class='ocrx_word' id='word_1_537' title='bbox 537 1305 566 1319; x_wconf 63' lang='lat' dir='ltr'><strong>aa.</strong></span> <span class='ocrx_word' id='word_1_538' title='bbox 575 1305 600 1321; x_wconf 83' lang='lat'><strong>11.</strong></span> <span class='ocrx_word' id='word_1_539' title='bbox 608 1291 646 1322; x_wconf 40' lang='lat'>142³.</span> <span class='ocrx_word' id='word_1_540' title='bbox 655 1313 673 1316; x_wconf 94' lang='lat'><em>-</em></span> <span class='ocrx_word' id='word_1_541' title='bbox 682 1306 694 1324; x_wconf 83' lang='lat'><strong>⁴)</strong></span> <span class='ocrx_word' id='word_1_542' title='bbox 703 1306 722 1320; x_wconf 77' lang='lat' dir='ltr'><strong>ib.</strong></span> <span class='ocrx_word' id='word_1_543' title='bbox 733 1306 753 1323; x_wconf 85' lang='grc' dir='ltr'><strong>ιο,</strong></span> <span class='ocrx_word' id='word_1_544' title='bbox 760 1307 771 1320; x_wconf 86' lang='lat'><strong>1.</strong></span> <span class='ocrx_word' id='word_1_545' title='bbox 786 1307 825 1322; x_wconf 67' lang='lat' dir='ltr'><strong>im.</strong></span> 
     </span>
     <span class='ocr_line' id='line_1_46' title="bbox 825 1334 834 1348; baseline 0 0"><span class='ocrx_word' id='word_1_546' title='bbox 825 1334 834 1348; x_wconf 79' lang='lat'><strong>³</strong></span> 
     </span>
    </p>
   </div>
  </div>
 </body>
</html>
