1060 1431
867 31 890 64 Χ

499 93 610 110 —10-

126 143 212 160 numquam
228 138 282 156 iacere
296 139 353 160 potuit,
369 139 383 155 si
398 138 482 155 Caesarem
498 140 580 155 auctorem
594 138 697 159 respexisset.
723 138 773 155 Recte
787 139 837 159 igitur
851 139 924 156 defendit
938 139 981 156 Viel-

127 166 197 182 baberus
202 166 214 186 ¹)
227 165 266 182 illud
279 166 294 182 ‘a
306 165 356 182 nobis'
365 165 438 185 Dintero,
451 165 538 186 Zingerlio,
551 165 587 182 allis
599 165 710 186 probantibus.
727 165 770 182 Idem
783 165 844 182 Caesar
855 166 921 187 scripsit
932 167 980 187 panlo

126 198 176 213 supra
188 197 222 213 cap.
235 193 250 212 3,
261 193 278 209 1:
296 192 332 213 ‘ipsi
344 192 416 209 homines
425 204 429 208 .
439 205 450 212 .,
466 197 507 213 auae
522 197 533 209 a
547 192 603 209 nobis
614 191 649 209 fieri
666 192 745 212 viderant,
760 197 779 209 ea
789 206 792 209 .
802 205 806 209 .
817 192 913 213 efficiebant,
928 195 947 210 nt
956 207 960 210 .
969 194 979 209 ‚⁷

126 220 175 236 Vides
188 225 213 236 me
225 224 256 236 non
265 219 332 236 laudare
344 219 463 240 Schillerum¹),
476 219 503 240 qui
511 224 562 240 nuper
570 224 667 240 quamquam
677 219 763 236 lectionem
771 219 787 236 ‘a
794 219 846 236 nobis’
855 224 886 237 uon
900 220 980 241 emendat,

126 247 237 264 demonstrare
255 248 328 267 conatur,
346 246 417 263 Hirtium
434 247 487 263 teneri
501 251 550 267 posse
564 248 652 266 auctorem,
670 246 756 263 dummodo
771 246 810 263 illud
822 251 910 267 pronomen
923 247 979 264 eodem

125 274 173 290 modo
185 278 217 295 quo
229 274 272 294 apud
281 273 375 290 Sallustium
386 274 504 294 interpreteris.
527 273 613 290 Sallustius
626 273 669 290 enim
681 273 711 289 etsi
724 278 755 289 non
767 273 860 290 intermisse
871 278 907 290 enm
916 276 980 291 constat

125 301 178 321 rebus,
193 305 234 321 quae
249 302 309 317 tractat
321 300 338 317 in
350 300 385 321 Iug.
397 301 424 320 91,
433 301 448 320 7,
463 302 517 317 tamen
529 300 577 317 dicit:
595 300 616 317 ‘id
631 300 693 317 facinus
707 303 763 316 contra
778 300 803 317 lus
815 300 853 317 belli
866 305 896 317 non
909 301 978 317 avaritia

125 332 177 348 neque
194 327 255 344 scelere
273 327 343 344 consulis
361 327 454 347 admissum,
472 328 500 344 sed
518 327 557 348 qnia
573 327 618 344 locus
632 327 724 348 Jugurthae
739 329 845 348 opportunus,
864 328 921 344 nobis
933 328 978 344 aditu

125 354 206 374 difficilis’,
219 359 267 375 quarn
277 354 340 371 dicendi
351 354 431 371 rationem
438 354 528 371 Schillerus
536 356 583 371 vot-at
596 354 642 375 „sine
650 351 741 374 Kntserung
749 354 838 371 rllmiscber
846 354 977 375 Subjektivitav‘.

125 381 152 398 Sic
164 385 228 398 censeo:
241 381 310 397 Etiamsi
321 380 351 398 boc
363 386 382 397 ex
393 383 460 397 anctore
468 381 543 402 quodam,
555 381 583 402 qui
591 381 630 398 belli
638 381 721 402 particeps
729 381 783 397 fixerat
790 381 875 402 locumque
884 382 978 402 ‘Iugurthae

124 408 239 429 opportunum’
252 408 320 428 viderat,
332 407 408 428 Crispum
420 407 540 429 deprompsisse
552 412 584 424 non
596 409 692 428 statuamus,
704 408 769 424 minime
781 408 820 425 licet
832 413 904 425 normam
917 411 978 429 petere,

124 435 146 452 ad
157 440 205 456 qnam
216 435 310 455 dirigendus
324 435 346 451 sit
360 439 379 451 ex
394 439 458 455 quaque
472 435 567 451 indicandus
579 439 631 451 sermo
642 434 732 455 Hirtianus,
748 439 779 451 uno
792 439 811 451 ex
823 435 890 452 Sallusti
902 439 977 452 sermone

124 472 146 475 -—
158 467 195 479 nam
213 463 257 479 lotus
275 462 290 479 b.
299 462 336 483 gall.
346 462 364 482 V,
373 462 400 482 42,
409 462 424 483 2,
442 466 490 483 quem
507 462 550 479 idem
562 461 650 479 Schillerus
667 461 719 482 affert,
738 466 769 478 non
783 462 825 479 satis
837 464 898 479 certam
909 463 978 483 praebet

125 490 197 506 codicum
215 489 312 510 scripturam
330 493 382 510 neque
401 489 415 505 ei
433 489 457 505 vis
474 489 553 510 probandi
571 489 632 506 inesset
645 498 671 509 —,
689 489 734 505 euius
748 489 842 510 vituperant
857 489 977 509 obscuritatem,

125 517 208 534 audaciam
220 517 237 533 in
249 516 388 536 translationibus,
401 516 486 532 verborum
497 516 569 537 fingendi
581 517 597 533 et
609 516 678 532 novandi
691 516 761 532 studium
766 515 784 537 ⁸).

205 543 238 560 Iam
256 543 277 560 ad
294 543 346 563 magis
363 543 460 559 fulciendam
478 543 570 564 opinionem
588 548 640 560 meam
657 543 678 559 de
693 542 756 563 origine
770 542 829 563 prioris
844 543 896 563 partis
909 542 945 559 libri
956 543 977 559 de

124 571 140 587 b.
152 570 177 587 Al.
190 575 214 591 ea,
232 575 273 591 quae
292 572 308 587 et
326 570 342 587 in
359 570 420 587 nostris
437 570 513 591 leguntur
530 570 610 591 capitibus
628 571 645 586 et
662 570 678 586 in
694 569 769 587 Caesaris
786 569 861 591 genuinis
878 569 930 590 libris,
947 569 977 586 bac

125 598 181 615 tabula
193 602 297 619 componam:

205 625 244 646 Gap.
258 626 275 641 l:
293 624 395 641 foramina.
419 624 454 640 Hoc
469 628 523 640 rarum
537 623 632 640 vocabulum
647 623 708 643 legitur
721 623 737 643 3,
746 623 772 643 58,
781 623 809 643 4’)
821 632 842 635 -
855 623 976 640 munitiones

125 652 220 673 proferre.
240 653 253 672 l,
263 652 289 672 81,
299 652 313 668 3.
327 661 345 663 —
359 656 428 672 quam.
438 663 454 667 ..
467 651 520 667 banc.
544 650 567 667 Cf.
581 650 647 667 Meusel.
659 650 690 667 lex.
702 650 715 671 Ι,
726 651 772 667 1401.
786 659 806 662 —
819 650 870 667 illud
884 652 976 671 spectans

125 681 149 696 ut.
168 679 182 700 3,
191 679 218 700 85,
227 679 242 695 2.
256 688 273 690 -
288 678 340 695 acies
352 683 388 695 uno
401 678 485 694 consilio
497 679 555 698 atque
567 677 649 698 imperio
661 677 839 694 administraretur.
859 677 907 697 1,29,
916 678 933 693 5:
945 682 975 694 nno

125 706 197 723 oonsilio⁴
215 706 234 726 V,
245 707 270 726 11,
279 706 296 722 8:
312 705 391 722 communi
403 705 470 722 consilio
482 704 541 721 bellum
553 705 675 724 administrare;
691 704 709 721 cs⁴
723 704 758 724 VII,
768 704 794 725 76,
804 705 818 720 4.
835 704 850 724 3,
861 705 886 725 14,
895 704 910 721 2,
924 713 943 716 -—
956 705 976 721 ut

124 733 262 750 laborantibus
279 733 367 749 succurri
384 733 456 753 posset.
482 732 518 752 vu,
529 732 555 752 70,
567 732 582 748 2.
600 732 627 752 85,
640 732 653 747 1.
673 731 699 751 86,
713 732 729 751 l:
749 731 768 748 ci.
786 731 798 751 I,
815 732 842 752 52,
851 732 866 747 7.
884 731 911 751 IV,
923 731 949 751 26,
960 731 975 747 4.

124 761 143 780 V,
153 761 179 780 44,
189 761 204 776 9.
222 760 316 780 VI1,1³‚1.
336 760 350 779 2,
360 760 375 779 6,
384 759 399 776 2.
418 759 432 780 3,
441 759 467 779 64,
477 760 491 775 1.
509 768 531 771 —-
548 758 646 779 imprimis
661 760 682 774 ut
699 758 727 778 ΙΙΙ,
738 758 763 778 10,
772 758 787 775 2,
806 758 841 779 Vll,
850 759 876 778 45,
885 758 899 774 8.
914 767 932 770 -
946 762 975 774 co-

124 788 175 808 piam
188 787 281 808 exiguam.
299 787 318 806 V,
328 787 353 806 12,
363 788 377 803 5.
391 795 410 798 -
424 786 497 802 nullam
512 785 588 802 omnino
602 785 718 802 facultatem
733 785 809 802 habere⁴
827 785 907 805 1t1,9,6:
923 789 974 805 neque

124 815 173 831 ullam
191 814 284 830 iarnltatem
302 813 361 830 babere
379 813 451 833 navium;
472 813 562 833 111,12,3:
580 812 625 829 cuins
643 813 667 829 rei
684 817 762 829 summam
776 812 870 829 facultatem
885 812 975 830 habebam

124 842 139 862 2,
148 842 175 862 32,
184 842 211 858 11:
224 841 268 857 nulla
276 841 340 857 omnino
349 845 390 857 nave
398 840 495 856 desiderata.
504 849 526 852 —
535 839 592 856 Omnis
600 839 640 856 haec
648 839 690 860 apud
698 839 770 856 Hirtium
778 843 856 860 nusquam
865 839 972 855 inveniuntur.

203 868 241 888 Gap.
251 868 268 884 2:
287 867 351 888 Neque
367 872 415 884 vero
428 867 569 883 Alexandrinis
583 866 602 883 111
615 866 709 887 gerendis
721 866 809 887 negotiis
821 866 923 882 cunctatio
935 865 976 881 ulla

122 897 156 912 aut
168 900 221 912 mora
233 894 362 911 inserebatur.
383 894 485 911 Simillimum
497 894 549 910 locum
561 893 633 910 invenies
645 893 661 913 3,
670 894 696 913 75,
705 893 724 909 ³:
736 897 788 914 neque
800 897 838 909 vero
850 892 936 913 Pompeius
945 904 948 908 ,
957 904 961 908 .
970 904 974 908 .

123 927 184 939 moram
202 922 251 939 ullam
270 922 290 938 ad
304 922 420 942 insequendum
436 921 496 937 intulit.
518 920 543 937 Ad
556 921 643 941 ‘negotium
655 920 717 941 gerere’
733 920 752 936 cs.
765 919 794 939 m,
804 920 829 939 18,
838 920 853 935 5,
866 919 881 939 8,
890 919 942 939 97,1;
954 919 974 935 ad

122 950 173 966 'mora
184 949 290 966 inferebatnr'
304 949 320 966 3.
329 949 355 969 77,
364 948 379 965 3,
401 948 491 969 Utramque
499 948 553 964 Hirtio
565 949 642 968 spretum.
657 947 685 968 qui
701 947 765 968 saepius
777 946 817 963 dicit
829 947 869 963 ‘rem
877 946 944 967 gerere'.
953 955 974 958 -

122 981 250 997 magnumque
262 980 361 992 numerum
373 976 391 992 in
403 975 494 996 oppidum
506 975 590 991 telorum
599 976 658 995 atque
667 975 808 991 tormentorum
816 974 975 990 convexerant...

123 1003 161 1020 Nec
172 1004 236 1020 minus
248 1004 267 1020 in
280 1003 327 1019 urbe
339 1002 434 1019 maximae
446 1007 541 1018 armorum
554 1003 610 1018 erant
621 1001 728 1017 institutae
740 1000 839 1017 officinae.
863 1000 886 1017 GL
899 1001 913 1020 1,
922 1000 949 1020 ³4,
958 1000 975 1016 5:

123 1030 221 1047 frumentum
230 1044 233 1047 .
243 1044 246 1047 .
256 1030 272 1046 in
284 1030 339 1046 urbem
348 1031 463 1048 convexerant;
476 1033 557 1045 annorum
565 1028 638 1045 officinas
646 1028 662 1044 in
672 1028 712 1044 urbe
720 1028 830 1044 instituerant.
839 1036 859 1039 —
869 1027 975 1047 Triplicem

122 1057 193 1074 vallum
211 1057 337 1073 obduxerant.
355 1057 371 1077 3,
383 1056 410 1076 63,
421 1056 439 1076 ὃς
457 1056 523 1072 verbum
541 1055 631 1072 ‘obducere'
650 1055 721 1071 invenies
738 1054 759 1075 11,
771 1054 810 1075 8,3.
828 1054 844 1074 3,
853 1055 880 1073 46,
889 1054 902 1070 1.
919 1062 941 1066 --
956 1054 975 1070 111

122 1088 256 1105 quamcunque
273 1085 317 1100 erat
332 1083 393 1100 visum
409 1084 488 1103 partem.
512 1082 584 1099 Eandem
600 1082 721 1099 collocationem
738 1081 824 1098 verborum
835 1081 896 1098 Caesar
907 1080 975 1101 praebet

124 1112 138 1131 1,
147 1111 173 1131 75,
184 1112 201 1127 l:
220 1111 318 1131 ‘quicunqne
335 1110 421 1127 accidisset
439 1110 498 1129 casus',
516 1109 591 1126 similiter
610 1111 624 1129 ’1,
636 1109 662 1129 87,
675 1109 692 1125 21
711 1110 820 1130 ‘quascunque
837 1109 894 1128 postea
912 1109 975 1124 contro—

121 1138 193 1155 versias'.
206 1147 226 1149 —
238 1137 273 1154 Iam
284 1142 304 1154 ex
316 1137 383 1158 reliquis
395 1137 475 1158 capitibus
487 1137 527 1153 haee
539 1136 649 1158 perlustrabo:

202 1165 268 1186 Cap.7.·
286 1164 326 1184 Quo
343 1164 396 1181 facto
414 1165 482 1181 tantus
500 1164 584 1180 incessit
601 1163 665 1180 timor.
685 1163 773 1183 3,101,2;
791 1163 879 1182 tantusque
896 1166 915 1178 eo
933 1160 975 1177 racto

121 1192 170 1209 timor
182 1192 255 1212 incessit,
268 1191 287 1209 cs.
300 1192 316 1212 2,
324 1192 375 1212 29,1;
387 1196 454 1212 magnus
466 1191 537 1208 omnium
545 1190 611 1207 incessit
619 1190 675 1210 timon
688 1190 703 1210 3,
712 1190 738 1210 44,
747 1190 765 1206 6:
777 1193 877 1210 magnusque
885 1189 974 1205 incesserat

202 1259 213 1277 ι)
222 1258 274 1273 zucha
284 1259 294 1272 1.
303 1258 316 1272 a.
326 1259 375 1272 anun.
385 1258 433 1276 (11111114
446 1258 463 1272 2⁰
478 1261 501 1275 με.
510 1258 562 1275 susq.
577 1265 594 1267 —
608 1257 621 1275 π)
629 1256 719 1271 Commeat-t.
729 1256 803 1270 Woelfflin.
819 1256 852 1270 1⁸91
866 1259 889 1273 pgr
899 1255 916 1269 ⁵³
923 1259 943 1272 ις.
958 1262 974 1265 .-

122 1282 134 1299 ³)
143 1282 161 1295 er.
171 1282 227 1295 sueton.
241 1285 261 1299 gr.
273 1282 295 1297 105
309 1280 367 1297 Quini-il.
376 1281 439 1298 9,3,12;
452 1280 486 1294 oou.
496 1280 526 1294 tu.
536 1280 576 1297 4.15,
585 1280 590 1294 1
601 1280 627 1293 ate.
638 1286 653 1289 —
664 1279 675 1297 ⁴)
684 1278 700 1292 ln
709 1278 783 1292 afferendi·
792 1278 826 1292 ineu
836 1277 922 1291 cae-ariani-
932 1277 975 1291 libro·

121 1304 138 1318 de
148 1304 161 1318 b.
170 1304 202 1322 gall⁴
213 1304 273 1317 numeris
283 1303 352 1319 Rom-nu.
361 1303 378 1317 de
388 1303 400 1317 b.
411 1303 437 1317 civ.
447 1302 510 1317 Antini-
519 1302 601 1320 significavi,
