1060 1431
514 89 624 105 —20-

144 134 174 150 hoc
186 139 217 150 uno
229 134 270 150 libro
283 134 364 153 tractavit,
376 133 415 150 nihil
428 133 478 150 habet
489 133 586 150 offensionis.
603 133 643 150 Nam
655 133 697 150 idem
709 133 799 150 invenimus
811 134 827 150 in
839 133 854 150 h.
864 134 901 154 gall.
911 133 954 151 Vlll.
968 133 995 154 qui

144 161 185 177 liber
203 160 243 177 duos
261 165 311 177 annos
323 161 400 180 continet,
418 162 467 181 atque
479 160 542 176 Hirtius
554 162 572 177 ut
583 160 605 176 ibi
618 160 709 180 legentibus
721 165 739 176 se
751 163 817 177 excusat
828 165 853 180 eo,
871 161 913 181 quod
926 162 996 177 annotat

145 192 178 208 sap.
191 188 254 207 48,10:
271 188 308 204 'scio
321 187 406 203 Gaesarem
419 187 518 207 singulorum
531 191 609 203 annornm
621 187 694 208 singulos
706 187 830 204 commentarios
841 187 937 207 consecisse;
951 187 996 208 qnod

144 219 174 235 ego
186 220 217 231 non
230 214 319 231 existimavi
332 214 371 230 mihi
384 219 420 230 esse
431 214 526 233 iaciendum.
543 216 630 235 propterea
642 214 685 235 quod
696 214 783 235 insequens
795 219 846 231 annus
855 227 858 231 .
868 226 872 230 .
881 214 934 231 nullas
945 214 997 231 habet

143 247 201 262 magno
214 246 263 262 opere
275 241 338 258 Galliae
349 246 376 258 res
387 241 452 262 gestas‘,
468 241 491 257 ita
505 241 521 257 in
537 243 592 258 nostro
604 246 622 258 se
633 246 711 262 purgasse
723 241 804 262 putandus
816 243 842 257 est
853 241 890 258 hoc:
909 241 956 262 ‘quod
969 246 996 258 ros

144 269 243 290 singulorum
256 273 334 285 annornm
347 273 378 284 non
391 272 446 284 omnes
458 268 497 284 mihi
508 269 547 284 sunt
558 268 619 284 notael'

224 295 284 315 Quibus
302 295 350 311 rebus
367 295 445 315 expositis
462 295 494 311 iam
511 295 550 315 quid
568 295 692 311 commentarius
710 295 738 311 illc
752 295 837 311 Hirtianus
854 295 995 315 comprehendisse

143 323 222 341 videatur,
234 322 343 343 quaerendum
355 324 386 338 esti
403 322 425 338 Ao
437 322 476 338 mihi
488 323 505 338 et
516 322 570 338 verbis
578 322 633 342 Hirtii,
646 326 687 342 quae
700 322 716 338 in
728 327 753 343 ep.
766 322 787 338 ad
795 322 840 338 Balla.
853 322 934 342 leguntur⁷
946 324 963 338 et
976 322 996 339 iis

143 354 207 370 qnoque
219 349 282 369 nitenti,
294 354 335 370 quae
347 349 424 369 auspiciis
436 348 483 365 bonis
494 349 579 369 explorata
590 349 681 365 condicioni
688 349 738 365 Hirtii
750 349 771 365 ad
779 349 905 369 componendum
914 354 946 366 non
953 349 996 365 satis

144 377 212 393 idoneae
223 376 303 397 imprimis
315 376 418 396 respondent,
431 376 488 392 Aulum
501 380 520 392 ea
532 377 600 396 tantum,
613 380 654 396 quae
666 376 701 396 ipse
713 376 748 396 geri
760 376 823 392 viderat
835 376 859 392 vel
872 380 913 396 qnae
921 381 996 392 sermone

144 403 218 420 Caesaris
230 404 245 420 ei
256 405 295 420 nota
307 404 358 423 erant,
374 403 402 419 illo
415 403 528 423 perscripsisse
540 403 619 423 persuasi,
636 407 677 423 qnae
689 404 727 419 sunt
739 404 755 419 et
767 403 826 419 bellum
838 403 922 419 Ponticum
934 403 955 424 (b.
968 403 994 419 Al.

144 435 157 447 c.
167 430 239 451 65-78)
251 432 300 451 atque
312 430 420 450 Hispaniense
432 430 512 450 quoddam
524 431 542 446 et
554 430 568 446 b.
581 430 605 446 Al.
618 430 638 446 ab
651 430 699 446 rebus
711 430 824 446 Alexandrinis
836 429 926 446 confectum
940 430 960 450 (b.
969 430 995 446 Al.

144 462 157 474 o.
167 457 239 478 22-33)
256 459 306 478 atque
318 456 410 473 Africanum
428 457 513 478 quoddam.
538 457 582 477 Quae
597 458 674 478 quattuor
686 458 741 478 partes
753 461 785 473 non
797 461 852 473 ornnes
864 458 940 473 servatae
951 458 995 477 aaut,

144 485 172 501 sed
184 484 199 501 b.
212 484 246 501 Afr.
258 486 275 500 et
287 484 333 505 Hisp.
346 484 414 504 periere*
438 483 479 500 Nam
491 488 532 504 qnae
544 484 604 500 nostris
616 483 717 504 temporibus
729 484 759 500 sub
771 484 801 500 hoc
813 483 861 500 titulo
873 484 937 504 corpori
950 484 995 500 Caes.

143 512 182 528 sunt
193 511 253 530 addita,
266 516 298 527 non
311 511 360 527 Hirtii
372 515 408 527 esse
420 515 466 527 nemo
479 515 510 527 non
522 511 588 532 videt').
608 510 668 527 Contra
680 511 701 527 sd
712 512 783 527 nostram
796 511 889 527 memoriam
901 513 996 527 manserunt

143 540 161 555 et
172 538 187 554 b.
196 538 220 554 AL
233 538 254 554 ab
266 538 320 554 Hirtio
332 537 424 554 absolutum
436 540 453 554 et
465 537 479 554 b⁴
489 538 540 557 Pont..
554 542 595 558 qnae
607 537 657 554 Hirtii
669 538 778 554 narrationem
790 538 814 554 ita
826 538 904 557 redolent,
916 539 935 554 ut
944 538 995 554 omnis

143 565 205 582 fraudis
218 565 287 586 suspicio
299 564 398 581 excludatur.
417 564 484 585 Iamque
496 565 535 585 quid
546 565 614 581 maxime
626 565 648 581 sit
659 564 743 585 proprium
755 564 789 581 stili
801 564 877 584 Hirtiani,
889 565 905 581 in
917 566 995 585 quantum

145 597 164 608 ex
182 592 224 608 bello
242 591 279 612 gall.
292 591 331 608 VIII
348 593 432 612 appareat,
450 592 542 608 summatim
560 596 643 612 exponam,
661 592 685 608 ito
701 593 761 611 tamen,
779 593 797 608 ut
809 596 856 612 quam
868 591 962 612 plenissima
973 592 996 608 sit

144 619 197 639 imago
209 619 285 638 auctoris,
298 618 323 635 cui
335 620 435 639 quantopere
447 618 545 639 respondeat
558 618 609 635 Aulus
620 618 636 634 in
649 618 681 634 illis
693 619 772 639 partibus,
784 623 821 635 mox
833 623 915 639 agnosces.
938 619 996 639 ltaque

144 650 180 662 cnm
192 646 252 662 multae
264 645 384 662 exercitationis
399 645 420 661 sit
436 645 499 662 dicendi
511 647 563 662 artem
575 646 595 661 ad
607 650 686 662 summum
699 645 803 666 perfectionis
815 646 882 666 gradum
894 651 995 666 promovere„

144 673 207 689 Hirtius
225 677 263 689 sane
281 677 313 689 non
329 674 393 693 poterat
408 677 435 689 eas
449 672 465 688 in
478 672 546 689 dicendo
558 673 626 689 virtutes
638 673 723 693 attingere.
742 677 782 693 quas
794 673 871 689 miramur
882 672 899 689 in
912 673 995 689 Cicerone.

144 699 168 716 Ne
177 699 251 716 Caesaris
263 699 327 720 quidem
336 699 436 715 minoritatem
447 699 516 716 elocutio
525 699 562 716 Auli
570 699 624 720 habet,
636 700 665 716 sed
673 700 777 716 mediocritas
785 700 864 721 quaedam
871 700 906 716 sine
915 700 996 716 varietate

145 728 162 743 et
173 727 252 743 lentitudo
264 726 318 747 gravis
330 726 364 743 illic
376 726 391 742 in
404 726 458 743 oculos
470 727 543 746 incurrit.
556 727 610 744 Hirtio
622 727 706 743 immodice
718 727 805 743 adhibente
814 731 850 743 eam
858 727 996 747 compositionem,

145 755 163 770 ut
171 753 246 774 protaxin
253 758 283 774 per
291 753 336 770 ‘cum'
345 753 442 774 particulam
451 753 554 774 incipientem
564 754 631 774 npudosi
640 754 740 774 praemittat,
749 754 836 774 coniungat
844 755 897 770 autem
905 754 997 770 sententias

144 785 174 801 per
185 784 272 800 pronomen
285 780 375 800 relativum,
392 781 465 800 *quarum
476 785 530 797 rerum
543 780 571 797 illa
582 781 631 801 langa
642 780 677 797 Iere
689 781 773 797 enuntiata
784 780 839 799 efficit.
851 782 920 801 utraque
932 780 996 797 tardam

144 808 161 824 et
172 808 217 823 motu
229 809 310 823 carentem
322 807 422 823 orationem'.
446 807 482 824 Nec
498 807 551 823 minus
568 809 586 824 ut
598 808 621 824 ita
633 807 685 824 dicum
697 808 769 824 taedium
781 807 828 824 affert
840 807 896 824 creber
908 807 997 824 earundem

144 834 259 855 particularum
272 838 315 854 usus,
328 834 372 850 velut
383 834 424 850 ‘etsi'
437 834 462 850 vel
475 834 550 850 'tametsi'
564 843 584 846 —
597 835 661 851 ‘tamen'
674 834 696 854 (9,
704 835 719 850 2.
733 835 775 854 10,4
783 834 813 851 bis.
825 835 871 854 16,1.
886 835 910 854 19,
918 835 933 851 7.
946 835 973 854 20,
982 836 997 851 i.

144 861 193 881 27,3.
206 861 254 881 28,4.
268 861 316 881 29,1.
329 861 378 882 50,3)
391 862 408 877 et
420 862 521 882 ‘quamquam
530 870 551 872 —
559 861 618 877 tamen'
630 861 687 883 (praes.
699 862 709 882 ξ
718 862 733 878 8Δ
746 862 772 881 42,
780 861 794 877 3.
808 861 856 881 52,3.
870 861 926 883 55,2);
939 863 998 878 contra

144 888 186 905 aliae
204 892 270 909 prorsus
288 888 371 909 neglectae
388 890 431 909 sunt,
450 888 494 905 velut
511 888 613 909 ‘postqunm2
631 887 752 909 ⁴posteaquam’,
771 888 858 909 *quamvisk
888 888 996 909 ‘Priusquam'

144 917 203 936 quater
214 917 310 936 usurpatum
322 917 352 935 est,
364 919 446 936 nunquam
459 915 560 936 ¹antequam‘.
585 915 668 936 ‘Repente'
680 915 712 936 legi
724 915 816 936 duodecies,
831 920 912 936 nunquam
925 915 997 932 ιειιὶιὶῐκιΐ.

224 941 254 958 Cui
270 941 319 958 Hirtii
337 942 422 963 scriptoris
440 942 506 963 imagini
523 946 543 958 ex
561 942 575 958 b.
589 942 626 962 gali.
639 942 677 959 VIII
695 942 783 963 compositu
802 942 818 959 in
836 942 910 959 omnibus
927 942 996 959 mirifico

145 969 213 989 quodam
231 973 310 985 consensu
325 969 423 989 respondere
435 969 505 985 Hirtium
518 969 533 985 in
547 969 561 985 b.
571 969 594 985 Al.
607 974 653 989 capp.
662 969 728 985 22-33
740 969 772 985 iam
784 974 867 990 cognosce.
892 969 914 985 Ac
925 969 996 990 primum

144 996 184 1012 haec
201 996 255 1016 capita
272 997 290 1012 ut
302 996 352 1012 multo
364 996 441 1013 inferiora
453 997 491 1012 sunt
502 996 657 1016 nntecedentibus'),
676 996 699 1012 ita
711 996 788 1017 pleraque
800 997 838 1012 sunt
849 996 910 1012 inculta
922 996 996 1017 adeoque

144 1023 231 1039 mediocria
243 1023 340 1040 lentitudine
352 1023 421 1043 quadarn
433 1023 496 1039 dicendi
509 1024 558 1043 atque
570 1028 589 1039 ea
601 1027 680 1044 persaepe
691 1023 764 1040 adhibita
772 1023 887 1043 complexionis
895 1023 951 1043 torma,
963 1028 996 1043 qua

144 1050 235 1066 sententiae
247 1054 277 1071 per
289 1054 376 1070 pronomen
389 1049 474 1066 relativum
486 1051 514 1066 aut
526 1050 654 1066 coniunctionem
663 1050 709 1066 ‘curn’
719 1050 843 1071 coniunguntur,
855 1051 874 1066 ut
882 1054 934 1070 paene
942 1050 996 1066 nullus

144 1077 175 1093 nisi
187 1076 250 1093 Hirtius
268 1077 298 1093 hoc
315 1081 347 1093 uno
365 1078 422 1093 auctor
439 1077 473 1097 peti
485 1077 563 1093 videatur.
586 1077 620 1093 Iam
633 1077 684 1097 primo
696 1079 763 1098 aspectu
775 1077 844 1093 tironem
857 1077 872 1093 in
885 1077 995 1097 componendo

144 1103 206 1120 invenis
218 1104 234 1120 in
247 1104 300 1124 capite
308 1104 334 1120 22.
351 1103 391 1120 Octo
403 1103 427 1120 illi
439 1108 495 1120 versus
507 1104 554 1120 huius
567 1104 625 1125 capitis
637 1104 668 1121 etsi
681 1104 728 1121 valde
740 1107 777 1121 sunt
789 1104 869 1125 deperditi
882 1105 898 1120 et
910 1104 995 1124 depravati

144 1132 161 1147 et
173 1135 224 1151 psene
235 1130 276 1147 nihil
288 1130 371 1147 continent
382 1135 402 1147 sx
414 1135 434 1147 ea
445 1131 521 1151 dictione,
534 1136 575 1151 quae
587 1131 603 1147 in
616 1131 677 1147 nulium
689 1131 721 1147 nisi
733 1131 748 1147 in
758 1131 828 1147 Hirtium
840 1131 926 1147 convenire
938 1131 995 1151 possit.

144 1158 197 1174 tamen
214 1159 271 1178 aperte
288 1157 401 1174 demonstrant
418 1159 500 1174 auctorem
512 1162 548 1174 esse
560 1158 609 1174 alium
622 1160 671 1179 atque
683 1158 753 1179 capitum
766 1158 900 1174 antecedentium.
924 1158 965 1174 Nam
977 1160 996 1174 ut

144 1184 167 1200 ibi
185 1189 238 1201 rerum
256 1186 338 1205 gestarum
356 1189 407 1205 paone
425 1184 455 1201 snb
472 1186 555 1205 aspectum
573 1185 652 1202 subiectio
671 1186 701 1205 est⁷
719 1185 742 1201 ita
758 1185 782 1201 hic
794 1185 849 1201 inania
860 1189 934 1206 vanaque
946 1185 996 1201 verba

145 1213 214 1231 exstant,
226 1211 269 1228 unde
281 1216 328 1232 quam
341 1216 372 1228 non
384 1212 401 1228 in
413 1216 446 1228 rem
459 1216 476 1228 se
488 1212 571 1228 insinuare
583 1212 655 1233 potuerit
662 1213 719 1228 auctor
728 1212 768 1228 satis
776 1212 882 1232 cognoscitur.
901 1211 935 1229 Nec
942 1212 996 1229 minus

224 1274 235 1291 ι)
244 1273 311 1290 Quonim
324 1273 409 1287 dramati-a
422 1274 486 1287 dictionis
498 1274 535 1287 inm
547 1274 571 1287 im
581 1274 623 1288 noros
633 1275 647 1287 «t
657 1274 699 1288 nina
709 1274 722 1287 a.
731 1274 764 1291 2211*
774 1274 809 1288 vm
819 1278 827 1287 ι
836 1274 883 1287 mum·
892 1274 997 1287 mur-fluam

144 1297 211 1310 «muta
221 1296 254 1310 mi.
264 1297 319 1314 npmu
329 1296 365 1313 aunt,
374 1295 401 1309 ane
410 1295 440 1309 1000
450 1296 467 1310 a.
476 1296 502 1310 am
511 1301 526 1310 n
535 1297 585 1310 imum
595 1300 660 1314 quamn
670 1300 725 1315 pmm-
734 1296 783 1310 inutile
792 1298 817 1310 ..ιΔ
827 1304 844 1307 -
854 1296 865 1314 ²)
874 1296 891 1310 οι.
898 1300 921 1314 pg.
927 1297 939 1310 9.
946 1297 982 1310 exer.
