1060 1431
499 96 609 113 «22.-

123 145 219 162 progressus
231 140 276 157 milia
287 145 365 161 passuum
378 140 399 156 VI
415 140 477 161 equites
493 141 572 161 convenit,
589 146 622 158 rem
634 143 697 162 gestam
710 141 791 162 cognovi&
808 146 817 157 e
829 141 897 162 captivis
909 141 1000 162 quaerit,

123 168 160 189 quis
176 168 234 184 castris
250 167 271 184 ad
282 167 373 188 Bagradam
390 167 458 188 praesit:
476 168 576 189 respondent
592 168 688 187 Saburram
705 168 724 185 cf.
738 168 756 188 V,
766 169 818 188 425:
836 168 901 185 litteras
913 168 999 185 Caesari

124 194 198 213 remittit.
211 207 215 211 .
224 206 228 210 .
237 199 271 211 rem
283 195 345 215 gestam
358 194 374 210 in
386 194 488 211 Eburonibus
500 195 591 215 perscribit.
611 204 629 207 —
648 197 737 216 paratam
750 196 775 216 (=
784 195 806 211 ad
818 195 946 216 pugnandum
965 195 998 216 ρ.)

125 222 214 238 classem.
237 222 251 241 1,
260 222 275 239 6,
284 221 302 237 21
321 221 392 241 legiones
404 221 465 238 habere
477 226 512 238 sese
520 223 595 242 paratas3
612 222 633 242 11,
642 222 657 242 9,
666 223 682 238 l:
694 222 746 238 nostri
754 235 758 239 .
768 236 771 239 .
780 222 833 243 parati
842 222 858 238 in
866 222 916 238 armis
924 224 997 242 ernnt;

125 248 161 269 VII,
170 249 197 269 59,
206 249 223 264 5:
236 248 303 264 alteram
315 247 392 269 (partem)
401 247 518 269 Camulogenus
530 251 587 269 parato
599 251 648 270 atque
660 249 739 266 instructo
747 249 819 266 exercitu
828 249 899 265 tenebat.
915 249 994 266 Hirtius

123 276 148 292 ita
157 280 241 296 nusquam.
252 285 269 287 —
280 280 320 291 eum
329 287 333 291 .
342 287 346 291 .
355 275 449 292 incolumi
461 276 550 292 exercitu
562 276 644 297 recepit.
660 276 680 292 ef.
689 276 724 296 VII,
735 276 759 296 12,
768 277 785 292 6:
794 280 863 297 suosque
872 280 927 292 omnes
935 276 994 293 inm-

124 303 176 319 lmnes
194 303 294 323 receperunt.
320 302 407 319 Praeterea
424 302 521 319 adiectivum
539 303 640 323 ⁴incolurnis',
658 302 712 319 Hirtio
731 303 747 320 in
766 303 781 319 b.
793 303 830 323 gall⁴
843 302 882 319 VIII
900 304 991 323 spretum,

124 329 192 346 Caesari
204 329 328 346 usitatissimum
340 331 373 349 θείς
391 329 407 345 iu
419 329 434 346 b.
447 329 471 345 Al.
484 330 566 346 invenitur
577 330 640 347 (luobus
651 330 692 346 locis
703 329 813 347 Caesarianis:
833 330 858 349 16,
867 330 884 349 ⁷3
903 330 929 350 20,
937 331 947 346 7
964 332 991 347 et

124 358 151 376 4⁷,
160 357 173 373 1.
183 357 193 373 5
205 356 297 378 (anonym).
311 365 330 368 —
343 356 397 373 Etiam
409 361 443 377 cap.
453 357 479 377 29,
488 357 529 373 1-2
538 358 555 373 et
563 357 590 377 32,
599 358 609 374 2
618 357 687 377 vestigia
695 357 770 374 dictionis
778 357 886 374 Caesarianae
894 362 989 378 superesse

125 384 208 401 videntur:
220 384 275 400 inter
282 385 349 400 castrs
357 385 378 400 et
386 383 476 400 Caesaris
484 384 523 400 iter
530 383 601 400 flumen
611 384 748 401 intercedebat
756 385 863 405 angustum.
877 383 900 400 Cf,
907 384 922 404 3,
929 384 953 404 19,
963 385 971 400 I
981 390 987 401 :

126 411 169 428 inter
181 411 219 427 bina
231 412 285 427 castra
293 410 359 431 Pompei
371 412 420 431 atque
431 410 505 427 Caesaris
517 415 566 427 unum
578 410 636 427 flumen
649 411 735 432 (¹tantum'.
747 411 770 427 sic
778 411 823 427 codd.
834 418 851 424 -ι-
862 411 985 432 ‘augustum'ffl

126 438 211 454 intererat.
227 447 248 450 —
264 437 296 458 qui
311 438 400 454 transitu
414 437 516 454 Caesarem
528 437 662 458 prohiberent.
685 437 709 454 Cl'.
718 437 753 457 vn,
762 438 788 458 57,
797 438 815 454 4:
831 439 896 454 nostros
908 438 986 455 transitu

127 464 214 485 probibere
226 465 302 481 instituit.
315 473 335 476 -
348 464 388 485 Gsp.
397 464 424 484 32,
433 464 449 480 2:
468 469 530 485 neque
542 469 583 481 eum
591 477 595 481 .
605 477 608 481 .
617 464 700 484 fefellit.
715 465 766 485 quin.
788 465 803 484 3,
812 465 839 484 94,
847 465 865 481 ὃς
877 469 929 486 neque
941 470 986 482 vero

126 491 212 508 Caesarem
224 491 287 509 fefellit.
299 491 343 512 quin.
365 491 435 508 Verbum
448 491 497 508 ‘fullo‘
509 491 525 508 iu
537 491 552 508 b.
566 491 591 508 Al.
603 492 665 508 duobus
677 493 740 508 tautum
752 491 792 508 locis
804 491 915 508 Caesarianis:
929 492 953 511 15,
963 493 983 508 4.

127 519 152 539 16,
162 520 179 538 ὁ,
192 519 209 535 in
221 518 235 535 b.
248 518 285 539 gall.
299 518 337 534 VIII
349 523 433 539 nusquam.
451 527 472 530 —-
490 522 512 535 eo
524 519 602 539 proelio
614 519 686 535 audito.
706 518 735 538 111,
745 519 796 538 27,1;
808 518 838 534 hac
850 518 907 535 audita
918 523 982 539 pugna;

126 546 162 566 vn,
170 546 197 565 88,
206 546 224 562 5:
240 545 270 562 bac
282 550 300 562 re
311 545 375 565 auditu
391 547 409 562 et
420 545 489 566 saepius.
506 545 569 562 Hirtius
581 545 611 562 boc
623 545 689 561 verbnm
701 545 758 562 eodem
770 545 817 562 modo
829 550 860 561 non
873 545 943 562 adhibet
956 555 980 558 —

125 573 209 589 fructum
221 573 305 589 virtutis
317 574 336 589 et
345 572 403 589 animi
411 572 557 593 magnitudinis
565 572 617 589 tulit.
633 572 658 588 Al.
669 573 710 592 15,1
723 571 799 593 (Caes.l):
812 572 860 588 snimi
869 572 981 593 magnitudine

125 604 144 616 ac
155 600 223 618 virtute:
238 600 252 618 1.
261 600 287 619 ⁷4,
296 600 314 615 7:
326 604 401 620 maguum
413 599 481 616 fructum
493 604 533 616 suae
544 599 624 620 pristinae
636 599 709 615 lenitatis
717 611 721 615 .
731 611 735 615 .
744 598 803 615 Caesar
815 598 882 615 ferebat.

206 626 267 643 Contra
278 631 319 643 unus
331 626 394 643 Hirtius
407 626 478 646 offertur,
495 626 522 647 qui
535 626 589 646 capito
601 626 667 642 65—78
683 626 703 642 de
717 626 732 642 b.
747 626 770 642 Al.
783 626 901 646 perscripserit.
925 626 980 642 Facile

126 653 240 675 gravissimum
252 655 282 673 est,
294 653 337 674 quod
349 653 392 670 illius
404 653 449 670 lenta
460 655 477 669 et
489 653 574 669 mediocris
586 653 644 673 orutio,
657 653 677 669 de
688 657 720 673 qua
728 653 794 673 saepius
802 653 930 672 commemoravi,
942 657 981 669 nus-

127 685 174 701 quam
193 680 251 697 merito
269 680 375 697 desideratur.
400 680 451 697 Velim
469 680 544 700 perlegas
562 684 606 700 capp⁴
616 680 664 700 65,1.
682 680 709 696 67.
726 680 812 700 esst—4,
829 680 856 696 ubi
873 679 937 696 Hirtius
954 680 981 696 sui

127 707 219 725 simillimus
236 709 266 724 est.
296 707 341 724 Sicut
358 707 398 724 hoec
416 711 448 724 una
465 711 492 724 res
508 707 599 727 argumenti
618 707 670 724 instar
687 708 720 727 est,
740 707 763 723 its
783 707 837 723 omnia
856 706 884 723 illa
901 706 981 723 vocabula

127 735 210 754 Hirtiano,
233 739 275 755 quae
297 739 316 751 ex
338 735 394 755 quavis
417 734 476 755 pagina
496 734 530 750 erui
549 736 622 755 possunt.
653 734 698 750 Haec
717 734 802 754 potissima
822 734 910 754 legentium
929 734 981 751 oculis

127 762 214 778 subiciam:
465 763 467 765 “

207 788 246 809 Cap.
255 788 284 804 68:
296 792 336 805 cum
345 801 349 804 .
359 800 362 804 .
371 792 457 809 cumque.
475 788 553 804 Periodus
565 788 614 804 Hirtii
626 788 699 808 propriu
712 787 731 804 cf.
744 792 773 804 uos
785 787 805 804 ad
817 787 872 804 A1.25
884 792 910 808 pg.
920 788 948 804 21.
958 796 976 799 -

127 815 275 832 excusationem
287 815 431 836 imprudentiae
443 814 539 835 recipere.
562 814 592 835 Ep.
604 815 625 831 ad
637 814 683 831 Balb.
696 815 705 835 ξ
716 815 732 831 l:
745 814 846 831 difficultatis
858 814 979 831 excusationem

126 842 192 859 babere.
207 851 224 854 ω
238 842 369 863 coarguisset.
390 841 419 859 ᾶπ,
432 841 471 862 ter„
483 841 557 858 Ciceroni
569 841 616 858 valde
628 841 725 858 adamatum.
738 841 761 858 Cf.
774 846 803 858 nos
815 842 835 858 ad
848 841 872 858 ΑΙ.
882 841 903 858 23
915 846 942 862 pg.
954 842 982 857 21.

126 878 146 881 -
156 869 179 886 de
188 869 331 886 controversiis
339 869 484 886 tetrarcharum
493 870 564 889 postea
572 873 592 885 se
600 869 723 889 cogniturum
732 873 780 885 esse.
792 869 818 888 65,
827 869 842 884 4.
855 868 874 885 cf.
882 868 926 888 VIII,
933 869 982 888 46‚5.

128 906 147 909 —
161 896 259 917 legionem
271 901 319 916 eam,
332 901 393 917 quam.
417 896 462 916 Quae
480 896 579 916 pronominis
596 895 720 912 demonstrativi
732 895 817 912 collocatio
833 895 887 912 Hirtio
904 899 935 912 non
953 897 981 912 est

128 923 215 943 iuusitatr,
228 923 271 943 VIII¹
281 923 296 942 8.
305 923 323 939 3:
335 923 384 940 rebus
396 923 421 943 iis⁷
433 927 483 943 qus03
495 923 554 943 Δ1.32,
563 923 581 939 ³:
594 924 639 939 veste
651 927 676 943 ea,
689 927 738 943 quao;
750 922 804 943 enee,
813 923 830 938 4:
843 922 951 939 sacerdotium
959 922 982 938 id.

208 950 246 971 Cap.
256 951 284 967 74:
297 951 385 971 repente.
401 950 435 966 Vox
447 950 501 966 Hirtio
513 950 579 966 usitata.
593 959 613 961 —
625 954 660 970 pro
671 949 724 966 vallo
736 949 839 966 instructa.
852 949 896 969 VIII,
905 949 982 968 15.3.—

128 977 199 998 quibus
211 977 359 998 obtemperasse
371 977 421 998 (vlu,
430 978 445 998 7,
454 977 471 997 4)
483 982 523 994 eum
536 978 605 997 postea
617 976 748 993 audiebamus.
765 976 808 993 Haec
816 978 854 993 sunt
862 976 938 996 auctoris,
950 976 980 997 qui

128 1009 192 1025 pugnae
210 1004 288 1021 interfuit.
317 1004 363 1021 ‘Nam
381 1004 408 1025 qui
426 1009 457 1021 non
473 1003 550 1024 affuisset,
568 1004 623 1024 inepte
638 1008 656 1020 se
672 1003 688 1020 id
703 1005 760 1024 postea
774 1003 839 1020 audisse
853 1003 920 1023 diceret,
937 1003 981 1023 quod

128 1033 177 1048 antea
188 1031 245 1048 audire
257 1032 322 1048 omnino
334 1031 427 1052 nequisset',
440 1033 483 1048 recte
492 1031 599 1052 Nipperdeius
612 1035 637 1051 η.
647 1031 671 1047 11.
684 1040 705 1042 -
717 1031 768 1047 inito
780 1030 863 1047 consilio
878 1030 921 1050 vm,
930 1031 978 1051 16,1.

130 1067 147 1070 -
162 1063 202 1075 cuni
214 1058 299 1075 iuterim.
315 1058 359 1078 vm.
370 1058 395 1079 19,
404 1059 419 1075 8.

208 1085 247 1106 esp.
256 1086 286 1102 76:
298 1086 378 1102 initium
389 1085 486 1102 victoriae
499 1087 564 1102 natum
576 1087 612 1102 est.
630 1085 673 1105 vm,
682 1086 697 1105 6,
706 1086 719 1102 l.
738 1085 762 1101 ΔΙ.
774 1085 801 1105 33,
810 1084 825 1101 2.
835 1088 913 1105 -quae
925 1088 981 1104 quam

128 1112 189 1129 facile
201 1112 323 1129 subierant.
337 1126 340 1129 ,
353 1125 357 1129 .
370 1115 408 1129 tam
420 1112 520 1129 celeriter.
543 1112 585 1129 Birt.
598 1117 623 1132 ep.
636 1112 656 1128 ad
668 1112 702 1128 Att.
715 1112 740 1132 15,
750 1112 765 1132 6,
774 1112 789 1127 2.
803 1120 823 1123 -
836 1115 913 1128 suorum
925 1111 982 1127 ruina

128 1140 234 1160 oppressis.
255 1140 315 1160 A1.31,
324 1140 338 1156 5.
355 1149 376 1151 —
392 1140 451 1156 armis
463 1139 563 1160 proiectis.
584 1139 644 1160 Α1.32,
654 1139 668 1155 3.
686 1148 705 1150 -
722 1140 742 1155 at
753 1138 817 1155 nostri
830 1138 915 1155 victoria
927 1137 981 1154 elati.

129 1166 172 1187 vm,
182 1167 208 1187 29,
217 1167 232 1183 3.
244 1175 266 1179 —-
278 1167 328 1183 omui
339 1167 472 1183 multitudine.
492 1166 534 1186 vm,
544 1167 570 1185 51.
579 1166 596 1186 32
610 1166 633 1183 Al.
643 1166 669 1186 32,
677 1166 692 1182 3.
709 1175 730 1178 —
747 1165 863 1182 fucultatem
874 1164 982 1181 attulisset

127 1193 213 1210 liberius
229 1193 360 1214 protugienui.
383 1193 489 1214 vnl,³2,1:
508 1198 537 1210 uec
555 1193 587 1209 iam
604 1193 655 1210 libere
671 1193 741 1213 vagandi
753 1206 757 1209 .
770 1204 773 1208 .
786 1191 880 1208 facultatem
898 1191 981 1208 haberent.

128 1220 152 1237 Of.
165 1220 209 1241 vm,
219 1221 244 1239 16.
254 1221 268 1237 2.

209 1247 248 1268 Cap.
257 1248 287 1264 Ἴδε
300 1248 322 1264 de
335 1247 479 1264 controversiis
491 1247 593 1268 cognoscit
605 1248 625 1263 et
636 1246 716 1263 statuit.
728 1246 776 1266 65,44
790 1246 841 1266 68,3;
853 1245 873 1262 cf.
882 1245 926 1265 vm,
933 1245 981 1265 46,5.

130 1284 148 1286 —
163 1279 202 1291 reni
214 1274 303 1291 feliciter
315 1274 454 1295 celeriterque
466 1276 548 1295 gestam.
572 1273 615 1294 VIII,
624 1274 651 1294 46,
660 1274 678 1290 2:
696 1278 730 1289 rern
742 1272 817 1289 celeriter
830 1272 932 1293 feliciterque
944 1276 981 1288 con-

128 1301 174 1320 iecit;
192 1301 211 1318 cf.
228 1301 252 1318 Al.
261 1302 303 1322 32st
322 1302 371 1322 paulo
392 1301 445 1318 infre:
464 1301 512 1318 rebus
530 1301 622 1318 Ielicissime
640 1300 756 1321 celerrimeque
773 1299 856 1317 confectis.
878 1308 899 1311 —
920 1299 981 1316 disci·
