1060 1431
445 90 555 107 —15—

75 137 99 153 Ne
111 138 129 153 tu
141 136 224 157 putaveris
235 136 294 153 librum
303 135 377 152 Caesaris
390 136 413 152 ita
424 136 517 153 lacunosum
530 137 546 152 et
558 136 634 152 rimosum
647 140 683 152 esse
695 135 774 156 relictum,
787 137 804 152 ut
813 135 863 152 multa
871 137 926 153 essent

75 164 189 185 perlustranda
203 165 220 180 et
234 163 344 184 pei-poliendis.
368 162 408 179 Nam
423 163 486 180 Hirtius
500 163 517 179 in
531 162 631 183 praefatione
647 168 678 179 nou
694 163 740 179 dicit:
759 163 868 180 ‘novissimum
884 168 926 179 com-

74 191 170 207 mentarium
188 190 299 211 imperfectum
315 190 417 211 eiipolivi'y
434 190 461 206 sed
478 189 574 206 ‘confeci’.
599 190 645 210 Quod
660 189 727 206 verbum
738 194 770 206 uun
783 190 806 206 ita
818 190 925 211 interpretari

74 218 117 238 licet„
133 219 151 234 ut
166 218 238 234 dicamus
250 217 303 233 medio
315 221 379 238 quoque
390 217 432 233 libro
444 217 481 233 huic
493 217 536 233 illive
549 217 598 237 capiti
611 218 686 233 truncato
698 221 762 233 manum
775 216 849 233 intulisse
862 216 925 236 Aulum,

74 245 102 261 sed
114 245 168 265 potins
179 244 243 261 Hirtius
255 243 347 264 significare
362 244 397 260 vnit
411 248 429 261 se
443 244 575 260 commentarium
587 245 661 260 truncum
674 243 767 260 absolvisse.
791 243 832 260 Nam
845 244 926 264 expressis

73 271 127 288 verbis
139 271 189 291 addit,
202 271 244 287 unde
256 270 345 292 profectum
358 272 375 287 et
386 275 418 291 qno
430 275 534 292 progressum
547 270 584 290 sit')
596 271 730 291 supplementum.
747 271 792 290 Quae
804 275 839 287 cnm
852 271 875 287 ita
887 271 925 290 sint,

73 303 94 315 ne
106 298 125 315 iis
137 298 207 319 quidem,
222 302 263 319 quae
277 298 362 318 permultis
376 298 463 318 philologis
477 299 515 314 sunt
529 298 573 314 visae
588 298 678 314 locutiones
690 298 780 318 Hirtianae,
797 302 832 314 eam
845 298 875 314 vim
889 302 926 318 pro-

73 325 121 342 bandi
136 325 189 342 inesse
200 325 270 342 dilucide
282 325 371 345 cognoscis,
386 326 405 341 nt
419 329 464 341 meae
479 325 499 341 de
514 325 577 345 origine
589 325 642 341 trunci
654 325 727 345 opinioni
740 324 819 345 reti-agari
832 325 924 341 videantur.

74 352 98 368 De
110 352 168 373 quibus
180 351 294 372 Zingerlinm')
309 352 373 372 longius
385 352 400 368 in
413 356 464 368 rneam
476 352 574 368 senteutiam
586 351 678 372 disputasse
690 351 758 372 gaudeo,
771 352 816 368 cuius
828 351 926 372 expositioni

74 384 94 395 ne
107 379 157 396 bilnm
168 379 234 400 qnidam
245 379 305 396 addere
316 379 356 395 mihi
368 379 384 395 in
396 379 450 395 animo
461 381 491 395 est.
508 378 622 400 Landgrafiurn
634 381 689 395 autem
697 379 770 395 hocloco
778 379 831 395 denuo
839 383 926 395 recensere

73 410 141 427 prorsus
153 406 211 423 inutile
222 408 269 427 puto:
282 406 298 422 in
311 406 340 422 hoc
352 410 416 426 quoque
428 406 483 426 opinio
495 406 530 422 eius
543 406 563 422 de
571 406 644 422 Pollione
656 407 756 422 retractante
768 410 797 426 per
809 406 871 426 seipsa
879 410 926 426 vana,

73 433 149 453 absurda,
162 433 207 449 nulla
218 432 285 454 patet').

153 460 211 480 Itaque
222 460 300 481 sequitur,
315 461 333 476 ut
345 459 400 476 omnia
411 460 465 480 capita
477 460 496 475 21
513 459 624 476 commentarii
636 459 656 476 de
668 459 683 476 b.
695 459 720 475 Al.
732 459 752 475 ab
764 464 796 475 nnn
808 459 878 476 Caesare
890 459 926 480 ipso

73 486 165 507 perscripta
182 491 218 503 esae
235 487 336 506 contendam,
354 491 395 507 qnae
409 486 431 503 ab
446 486 500 503 Hirtio
515 487 531 503 in
546 491 571 507 ep.
583 486 604 503 ad
616 486 662 503 Balb.
677 486 752 503 dieantur
767 486 827 503 verbis:
846 486 926 503 *Caesaris

72 514 169 530 novissimus
182 513 285 534 imperfectus
297 514 318 530 ab
330 513 378 530 rebus
391 513 442 534 gestis
454 513 494 534 Alf)
507 513 642 530 wmmentarins'.
665 514 718 534 Atque
730 513 744 529 si
756 513 786 530 hnc
798 513 894 530 mdbibemns
906 513 927 530 ad

54 555 58 559 ,
72 540 122 557 Hirtii
134 541 188 561 verba,
201 545 242 561 quae
254 542 349 561 sequuntur,
362 540 412 557 Aulus
424 545 455 557 non
468 540 514 557 modo
526 540 592 560 bellum,
605 540 648 561 quod
659 540 720 557 dicitur
728 540 758 560 AL,
771 544 781 556 a
793 540 847 561 capite
859 540 886 560 22,
898 540 926 557 sed

73 567 122 584 etiam
135 568 154 584 de
167 567 182 584 l>⁴
192 568 224 584 afr.
237 569 254 584 et
265 567 311 588 Hisp.
327 567 416 584 coniecisse
430 567 499 584 videtur.
522 567 555 584 Sed
570 567 586 583 id
601 567 649 587 plane
664 567 741 583 reiciatur
756 571 822 584 necesse
836 569 866 583 sat.
889 566 926 583 Nou

72 594 125 611 dicam
137 594 157 611 de
168 595 183 611 b.
193 594 226 611 Ait.
239 596 256 611 et
267 594 321 615 nisa:
339 599 386 611 nemo
401 594 461 611 uostris
476 594 576 615 temporibus
591 595 624 610 tam
638 598 725 615 perversus
736 594 773 613 erit,
790 594 815 611 eui
827 594 844 610 in
856 595 926 610 mentem

71 621 119 638 modo
132 621 186 638 venire
198 621 255 642 possit,
269 621 300 638 boc
312 623 340 638 ant
352 621 421 638 alterum
434 621 454 638 ab
466 621 507 638 Aulo
519 626 555 638 esse
567 621 650 641 scriptum.
675 621 707 638 Sed
719 621 758 642 quid
770 621 790 638 ds
802 621 816 638 b.
830 621 854 638 Al.
867 621 926 641 putas?

72 647 113 664 Num
125 648 153 665 ille
165 650 209 665 reete
221 648 317 665 statuendus
329 650 354 665 est
366 648 434 665 auctor?
457 648 481 664 An
493 648 562 668 Hirtius,
577 648 593 665 id
608 648 652 669 quod
668 648 750 665 nonnullis
762 648 845 669 probabile
857 648 926 668 videtur,

71 679 90 691 ex
105 675 173 692 aliorum
189 675 268 692 relatione
283 677 365 696 tamquam
381 680 400 692 ex
411 675 456 692 fonte
468 675 534 692 hausit?
557 675 649 692 Permultae
661 680 700 692 vero
712 676 750 692 sunt
762 674 871 695 difficultates,
884 679 926 696 quae

71 702 117 719 nobis
129 704 216 719 occurrunt
227 707 301 724 quaeque
313 704 351 719 sunt
363 703 464 723 superandae
479 702 495 719 iu
511 702 541 719 bae
556 702 651 723 quaestione
663 702 773 719 diiudicanda!
797 702 831 719 Iam
843 702 864 719 ad
876 702 926 718 Hirtii

70 729 187 749 praefationem
205 729 292 751 confugere
309 730 388 750 optimum
405 731 447 764 est&
453 734 485 751 qua
499 734 532 746 una
544 731 626 750 tamquam
638 731 683 746 certo
695 729 800 746 fundamento
812 729 843 746 niti
855 730 924 750 oportet.

70 756 124 777 Atque
136 756 217 777 reperitur
231 756 253 773 ibi
265 757 329 773 Hirtius
340 757 366 773 vir
376 757 437 777 probus
448 759 465 773 et
477 756 564 775 modestus.
580 757 607 777 qui
619 761 651 777 qno
663 756 715 777 magis
730 756 779 773 rebus
791 756 893 776 militaribus,
906 760 925 773 eo

71 783 123 800 minus
135 783 216 800 scribendi
228 784 291 801 ratione
303 784 376 801 eruditus
388 784 457 804 videtur,
469 784 502 800 nisi
513 783 555 800 forte
563 783 648 801 seientiam
660 785 710 804 atque
722 788 768 800 usnm
780 783 860 800 scribendi
872 784 925 804 putas,

70 810 114 831 quod
125 810 139 827 is
155 811 174 827 ad
191 811 251 827 amicos
263 811 342 831 epistulas
354 811 426 830 miserat,
443 814 511 831 quarum
526 810 558 826 duo
570 812 635 827 exstant
653 811 717 831 integra
733 810 805 832 exempla
818 810 926 831 nonnullaque

70 836 161 858 fragmenta
166 837 184 858 ¹),
197 839 213 854 et
225 838 267 859 quad
280 838 398 859 perscripserat
410 838 527 854 Anticatonem.
551 836 577 853 Ita
588 837 612 857 fit,
627 839 646 854 ut
657 842 724 858 prorsus
736 837 776 854 nihil
788 837 837 857 absit,
849 837 887 858 quin
900 837 925 853 in-

69 863 165 879 utilissimus
182 863 204 880 sit
221 864 242 880 ad
255 864 322 880 liberius
336 868 365 884 per
378 868 396 880 se
409 863 510 880 iudicandum
522 863 542 880 de
554 868 603 884 opere
616 864 690 881 Caesaris
702 864 762 881 litteris
774 864 854 881 mandato.
878 863 920 880 Nam

71 890 114 910 qnod
127 890 166 906 dicit
177 890 194 907 in
206 890 256 911 praef.
269 891 278 911 ξ
291 891 308 907 5:
322 891 354 911 ¹qui
366 891 394 911 (sc.
407 890 517 907 commentarii
528 890 610 911 Caesaris)
622 893 660 908 sunt
671 891 717 912 editi,
730 896 750 908 ne
762 891 830 907 scientia
842 892 924 907 tantarnrn

71 921 124 933 rernm
145 917 252 938 scriptoribus
266 918 314 937 desit.
332 918 406 938 adeoque
420 917 510 937 probantur
524 918 595 934 omnium
610 918 674 938 iudicio,
692 920 711 935 ut
723 919 814 939 praerepta„
831 923 862 934 non
877 922 925 938 prae-

72 943 107 960 bita
119 944 187 961 facultas
199 944 305 965 scriptoribus
316 944 409 964 videretur,'
425 944 518 961 Ciceronem
531 945 609 965 imitatur,
624 945 652 966 qui
664 945 684 961 de
698 945 754 962 eudem
766 945 836 962 Caesare
848 944 924 966 refert⁸):

70 971 129 991 ‘Atque
141 971 189 987 etiam
205 972 328 988 commentarios
344 972 421 992 quosdam
434 971 500 992 scripsit
517 976 571 988 rernm
583 976 653 989 suarum.
677 972 729 989 Valde
743 972 807 993 quidem
824 972 924 993 probandos:

69 998 108 1014 nudi
121 998 164 1014 enim
175 1000 218 1018 sunt,
230 998 271 1014 recti
283 1000 300 1015 et
312 999 380 1018 venusti.
393 999 436 1015 omni
447 1000 505 1015 ornatu
514 999 593 1015 orationis
603 1000 685 1020 tamqnam
693 1000 738 1015 veste
747 999 825 1015 detracta.
845 998 875 1015 Sed
885 999 923 1015 duna

69 1025 121 1041 voluit
132 1025 173 1041 alios
185 1025 246 1042 habere
257 1027 321 1046 parata,
333 1026 376 1042 unde
387 1028 475 1045 sumerent,
487 1026 515 1046 qui
527 1025 588 1042 vellent
599 1026 670 1043 scribere
682 1025 773 1046 historiam,
788 1026 848 1046 ineptis
860 1027 924 1046 gratum

69 1051 139 1068 (orasse
151 1052 195 1072 fecit,
213 1052 241 1073 qui
252 1051 308 1068 volent
319 1052 348 1069 illa
360 1052 457 1069 calamistris
469 1053 539 1073 innrere,
554 1057 603 1069 sanos
614 1053 679 1074 quidem
693 1052 766 1069 homines
778 1057 789 1069 a.
800 1052 885 1069 scribendo
896 1053 924 1069 de-

69 1078 138 1095 terruit.¹
163 1078 256 1095 Ciceronem
264 1080 318 1095 autem
330 1079 356 1096 bis
364 1080 418 1096 verbis
425 1079 467 1096 nihil
475 1080 506 1096 nisi
514 1080 639 1097 commentarios
651 1080 671 1097 de
683 1080 698 1097 b.
711 1080 749 1101 gall.
764 1081 839 1101 spectare
850 1081 925 1101 apparet⁷

70 1105 145 1126 quoniam
163 1107 225 1122 tantam
237 1106 364 1123 inurbanitatem
382 1107 397 1123 ei
409 1106 481 1123 tribuere
497 1111 529 1123 non
544 1107 587 1127 licet,
604 1108 623 1123 ut
634 1107 676 1123 idem
689 1107 765 1123 iudiciuin
778 1107 844 1127 iaceret,
862 1107 876 1123 si
894 1107 925 1123 iarn

67 1137 108 1153 tum,
126 1132 137 1149 i.
149 1137 163 1149 e.
175 1137 218 1150 anno
230 1134 257 1153 46,
274 1133 313 1149 libri
330 1133 350 1150 de
362 1133 377 1150 b.
393 1133 422 1150 civ.
440 1134 456 1150 in
468 1134 538 1150 medium
555 1134 615 1155 prolati
633 1134 705 1151 luissent.
729 1134 775 1154 Quod
787 1138 797 1150 a
809 1133 886 1151 Cicerone
904 1134 925 1151 de

68 1159 84 1176 b.
97 1159 134 1180 gall.
147 1160 331 1180 excogitatum'flirtins
343 1160 363 1177 de
375 1160 449 1177 omnibus
461 1160 508 1177 libris
516 1160 592 1177 Caesaris
604 1161 665 1182 repetit
676 1166 705 1178 uec
714 1161 783 1182 quaerit,
795 1162 849 1177 utrum
862 1161 925 1178 sincere

67 1187 86 1202 et
97 1191 134 1203 vere
146 1186 234 1203 iudicatum
246 1187 269 1204 sit
277 1192 331 1204 necne.
355 1187 432 1204 Attamen
444 1189 479 1204 tato
487 1188 532 1205 caelo
541 1188 591 1205 distat
603 1188 618 1205 b.
631 1188 661 1205 ciV.
673 1193 683 1205 a
694 1188 738 1205 bello
750 1188 788 1209 gall.
811 1188 870 1209 ‘Saepe
882 1188 925 1205 enim

148 1230 159 1248 ¹)
171 1230 190 1244 ib.
205 1232 213 1248 ⁵
225 1232 239 1245 2:
254 1231 321 1249 ⁴(1ibrnm)
335 1231 352 1245 ab
366 1231 407 1245 rebus
421 1232 465 1249 gutia
479 1232 500 1246 ΑΙ.
515 1232 568 1246 conieci
582 1236 625 1250 nsque
639 1232 657 1246 ul
671 1232 722 1246 exitum
732 1242 735 1246 .
745 1242 749 1246 .
759 1244 762 1247 .
772 1232 809 1246 vitoe
823 1232 894 1247 Cusaria'i
909 1240 925 1243 —

66 1254 78 1271 ¹)
87 1253 97 1267 1.
106 1253 116 1267 l.
125 1257 148 1271 νς.
156 1254 231 1268 101—117.
242 1261 258 1264 —
268 1254 280 1271 θ)
288 1253 309 1267 ΘΙ.
319 1254 384 1272 Zingerle
394 1254 404 1268 1.
413 1254 423 1268 l.
433 1255 446 1268 si
456 1258 491 1272 qnae
501 1255 530 1272 ipsa
540 1258 582 1272 supra
591 1254 608 1268 da
618 1255 631 1269 bi
640 1254 673 1272 gall.
679 1254 715 1269 vm
725 1256 739 1269 et
748 1255 765 1269 de
775 1255 788 1269 b.
796 1255 822 1269 εἰν.
829 1255 851 1269 111
860 1255 926 1269 adnotari

65 1276 153 1313 (gurg-⁹3
168 1284 184 1287 —
199 1276 210 1294 ⁴)
225 1276 243 1290 οἵ,
254 1280 277 1294 pg.
285 1277 297 1293 9,
312 1277 363 1291 ndns·
379 1285 392 1287 —
408 1277 419 1294 ¹)
429 1276 465 1295 apud
479 1276 506 1291 Cle.
521 1277 539 1291 nd
552 1277 581 1291 Δία.
590 1277 621 1294 ΧΗ,
631 1278 652 1294 35,
661 1278 671 1291 1.
682 1278 703 1293 37.
710 1279 718 1292 4
728 1279 754 1291 etei
769 1285 785 1288 —
799 1277 811 1295 ')
821 1277 849 1292 cie.
859 1278 877 1292 ad
886 1278 926 1292 Bm.

82 1309 85 1312 ⁴
114 1309 118 1316 ,
152 1309 155 1313 .
