1060 1431
493 98 603 115 -14—

120 145 168 164 atque
180 143 196 160 in
208 143 250 160 libro
262 143 277 164 1)
295 143 345 160 libros
363 143 383 160 de
401 143 416 160 b.
428 143 458 160 niv.
476 145 551 164 quartum
569 147 649 164 occupare
667 143 719 159 locum
733 143 799 164 indicat,
818 148 886 164 quorum
902 144 977 161 delectus

120 171 205 187 verborum
217 170 287 191 speeiem
299 170 377 191 praebeat
388 170 435 187 libris
447 170 508 187 Il—VI
520 170 623 187 contrarium⁴
647 170 723 187 Attamen
738 170 791 187 nullus
806 171 877 191 scriptor
889 171 914 188 sui
927 171 976 188 dissi-

120 198 163 214 milis
174 197 198 214 iit,
214 197 271 218 Itaque
283 202 303 214 ne
315 198 331 214 in
343 197 403 215 nostris
412 197 476 218 quidem
485 197 566 218 capitibus
574 197 653 214 vocabula
660 197 738 218 legesque
746 197 810 214 dicendi
818 202 847 218 per
855 197 905 215 libros
913 198 976 215 II—VI

120 229 177 242 severe
189 224 285 241 observatae
297 224 345 245 plane
358 224 468 245 remittuntur,
483 224 512 241 sed
523 224 573 241 latius
585 224 611 241 bic
622 224 663 241 liber
675 225 721 245 patet
733 224 816 241 vocabulis
828 224 867 241 belli
879 225 908 242 civ.
933 225 974 242 Nm

120 252 186 269 dubium
199 256 234 268 esse
246 252 307 273 nequit,
320 252 358 272 quin
370 251 421 268 libros
433 252 453 268 de
465 252 480 268 b.
489 252 518 268 civ.
531 253 613 272 quattuor,
625 252 639 268 si
651 251 683 268 iam
695 256 761 268 numero
769 251 792 268 IV
805 251 880 269 Caesaris
891 252 911 269 de
923 252 939 269 b.
949 252 973 269 ΑΙ.

120 279 175 300 capita
187 279 206 295 21
220 278 312 300 significare
323 278 367 299 licet,
379 279 455 295 continuo
467 278 515 295 alium
527 280 565 299 post
576 278 626 295 alium
638 278 698 295 Caesar
709 279 798 299 scripserit.
815 279 866 299 Qum
878 279 899 296 ob
911 284 945 296 rem
957 280 974 296 in

120 306 207 322 novissimo
219 305 247 322 illo
259 306 301 322 libro
313 306 355 322 idern
368 305 428 322 Caesar
440 305 546 326 prehenditur
558 307 606 326 atque
618 305 635 322 iu
646 305 689 322 libro
701 306 748 322 1-3.
771 305 798 322 Ita
809 305 839 322 hoc
851 311 915 327 qnoque
927 307 974 323 modo

120 333 175 353 opinio
187 337 222 349 mea
234 332 254 349 de
266 333 328 353 urigine
340 332 403 349 illorum
416 332 487 353 capitum
502 332 580 353 probatur
596 337 625 349 nec
637 332 715 353 Meugw)
730 332 844 350 dissertatione
861 333 974 350 labefactatur.

121 360 161 376 Nam
177 360 219 381 quod
234 360 248 376 is
264 360 319 380 capita
332 360 396 376 11—14
409 359 474 377 Caesari
487 359 581 376 abiudicare
593 361 665 380 conatur,
683 359 754 376 infirmas
769 359 821 376 solum
833 361 849 377 et
861 360 905 377 leves
918 365 975 377 causas

120 386 172 405 affert.
185 387 205 403 de
217 387 276 407 quibus
288 386 360 403 breviter
371 387 455 407 disputare
467 386 511 403 libet
536 386 592 403 Monet
607 386 657 407 igitur
669 386 742 407 Mengius
754 386 840 403 Caesarem
852 387 868 403 in
881 391 916 408 cap.
931 388 955 407 11,
964 388 974 403 2

121 419 152 430 non
164 414 241 434 scripisse
254 415 279 430 ‘ne
291 415 355 434 turpem
369 414 384 430 in
396 415 484 434 conspectu
494 413 608 430 contumeliam
619 413 711 434 acciperet),
723 414 798 434 quoniam
807 414 821 430 is
828 414 889 435 ubique
897 414 974 431 locutioni

121 441 143 457 ‘in
157 441 249 461 oonspectu‘
264 440 314 457 addat
329 441 427 462 genetivum,
445 440 497 457 velut:
515 440 532 457 in
547 442 634 461 conspectu
649 441 725 457 omnium.
748 440 780 457 Sed
791 441 839 457 velim
852 441 926 462 Mengius
938 445 975 458 eon-

121 467 163 484 rerat
174 467 211 488 vn,
219 467 246 488 ³5,
256 468 273 484 l:
286 468 327 484 ‘curn
338 469 406 488 uterque
419 467 500 488 utrimque
511 467 572 484 exisset
583 467 668 487 exereitus.
681 468 697 484 in
710 468 796 488 conspeetu
808 467 874 489 iereque
886 472 895 484 e
907 468 973 488 regione

121 495 179 511 eastris
191 496 245 511 eastra
256 494 349 515 ponebant,
361 499 409 515 qnam
421 494 506 511 lectionem
519 499 539 511 ex
550 494 619 515 integris
631 494 713 511 codicibus
725 494 767 511 bene
778 494 880 516 feliciterque
890 495 975 511 constituit

121 521 234 542 Nipperdeius.
259 521 325 538 Accedit
343 523 433 542 praeterea,
452 521 494 542 quod
506 521 567 538 Caesar
584 521 633 538 etiam
651 522 673 538 ‘iu
688 521 796 542 conspectum’
811 523 828 538 et
842 522 897 538 addito
912 523 929 538 et
943 527 973 538 non

121 548 177 565 addito
190 548 265 569 genetivo
278 548 368 569 promiscue
380 548 447 564 adhibet
459 548 484 568 (ci.
493 548 560 565 Mensel.
572 548 602 565 lex.
611 548 623 568 L
632 549 675 567 682).
691 548 750 565 Porro:
763 548 854 565 coniunctio
867 549 973 569 ‘quamquam'

121 580 163 596 quae
171 580 223 596 neque
231 575 247 592 in
256 575 271 591 b.
280 575 316 595 gall.
326 575 387 591 l-VII
395 579 447 596 neque
455 575 470 592 iu
482 575 497 592 b.
506 575 535 592 civ.
548 575 612 595 legitur,
625 574 711 592 Caesarem
723 580 754 592 non
767 575 842 592 excludit.
864 575 906 592 Nam
918 576 932 592 si
944 576 974 592 hac

121 602 183 622 Mengii
197 602 260 619 ratione
276 603 357 623 tamquam
372 602 430 622 regula
443 602 509 622 utimur,
527 607 548 618 ne
563 602 614 619 locum
629 602 693 623 quidem
706 602 733 622 1v,
742 603 758 621 2.
767 603 777 618 5
795 602 857 623 (itaque
869 603 890 619 ad
901 603 973 623 quemvis

121 634 205 646 numerum
213 629 343 650 ephippiatorum
352 629 425 650 equitum
433 629 520 650 quamvis
528 629 584 650 paucis
593 629 638 646 edire
646 629 706 650 solent)
719 629 785 646 Caesari
793 629 875 646 vindicare
883 634 973 650 possumus,

122 656 181 677 quippe
196 656 224 677 qui
238 656 350 672 coniunctione
366 656 449 677 'quamvis'
463 656 507 673 nullo
521 655 553 672 alio
569 656 604 672 loco
618 658 679 673 utatur.
703 656 777 677 Denique
789 656 817 677 qni
829 656 895 677 scripsit
906 656 919 676 Ῑ,
930 657 972 676 23‚1

122 683 230 704 ‘copiosum
247 683 335 704 oppidum',
353 683 366 700 is
380 683 428 700 facile
442 688 461 700 eo
476 683 539 699 venisse
553 683 635 703 putandus
647 685 677 703 est,
695 685 713 699 ut
725 683 820 700 admitteret
831 683 856 700 ΔΙ.
867 683 892 703 13,
901 684 910 699 2
923 684 974 704 *eopia

122 710 176 727 urbis'.
201 710 245 730 Quae
257 711 344 731 supersunt
356 710 417 731 Mengii
429 711 524 731 argumenta
537 714 567 726 uon
580 710 657 727 maiorem
668 710 700 727 vim
708 710 773 731 habent„
786 710 815 727 sed
823 710 892 727 maxime
900 710 974 727 nituntur

122 737 204 754 vocabulis
219 742 260 758 quae
276 739 354 754 vocantur
369 736 416 758 ἅπαξ
426 737 513 758 λεγόμενα,
527 742 569 758 quae
584 737 606 754 nil
621 737 680 754 valent.
704 737 760 758 Neque
774 737 817 754 enim
831 737 847 754 in
860 737 973 757 componendis

122 764 168 781 libris
181 764 200 781 de
212 764 227 781 b.
236 764 265 781 civ.
278 765 302 785 (et
313 764 345 784 Al.)
360 764 427 781 Caesari
441 764 529 785 contigisse
544 766 588 784 puto,
603 765 622 780 ut
637 768 679 784 quae
693 768 713 780 ex
724 764 815 785 legatorum
827 764 935 781 relationibus
946 764 974 781 de-

122 791 202 812 prompsit
213 796 287 812 quaeque
298 791 319 808 de
330 796 359 808 suo
372 791 435 808 addidit
446 791 486 812 ipse,
499 793 532 807 tam
545 792 620 807 accurate
628 790 747 812 diligenterque
759 791 852 812 castigaret,
864 792 883 807 ιιι
894 791 910 807 in
923 791 974 812 ipsius

122 818 203 835 scribendi
220 823 271 839 genus
289 818 389 835 conformata
406 818 484 838 originem
502 823 534 835 non
552 818 583 834 iam
601 818 693 838 proderent.
717 817 766 835 Cuius
781 818 806 834 rei
822 818 898 834 nonnulla
910 819 975 834 exstant

122 845 201 866 exempla,
218 845 263 862 velut
274 845 289 862 h.
298 845 327 862 civ.
336 845 357 866 II,
367 846 376 861 9
389 846 406 862 et
420 846 445 865 10,
457 845 477 861 de
490 850 522 865 quo
535 845 569 861 loco
581 844 632 861 refert
643 845 765 861 Dernoscheck:
784 845 862 861 ‘Dilucide
874 844 914 861 haec
926 845 975 861 verba

121 872 238 893 (coambulatio
250 873 313 893 quater,
326 872 426 893 contignatio
438 872 496 892 sexies,
508 871 589 892 demissio,
602 872 670 892 pressio,
682 871 769 893 tabulatio)
785 877 793 889 e
806 876 881 888 sermone
893 871 975 888 {abrorum

123 899 218 920 deprompta
230 901 272 920 sunt,
285 899 308 916 ita
320 901 342 920 ιιι,
355 903 390 916 eum
403 899 443 916 talia
455 904 463 915 e
475 899 557 915 fabrorum
569 903 643 915 sermone
655 899 752 919 deprompta
763 898 866 915 substantiva
877 903 906 919 per
918 903 974 915 ornnes

123 926 194 947 reliquos
211 926 262 943 libros
280 926 331 943 vitata
343 926 380 945 sint.
398 926 493 943 relationem
505 926 591 947 quandam,
608 930 640 947 qua
652 926 763 943 contineretur
774 926 862 947 descriptio
874 926 925 943 turris
936 927 975 943 ante

123 953 211 970 Massiliam
224 954 321 974 exstructae,
334 953 355 970 ad
363 953 414 974 ipsius
422 953 496 970 Caesaris
505 953 569 970 dicendi
578 957 628 974 genus
636 953 679 969 haud
688 953 808 970 accomodmm
816 953 846 970 hoc
854 953 889 970 loco
897 953 975 970 insertam

122 985 158 997 esse
170 980 261 997 coniectare
273 980 332 997 liceat'.
355 980 379 996 Ex
390 980 451 997 talibus
463 980 535 997 tontibus
547 980 627 1001 permulta
639 980 717 997 vocabula
728 980 758 997 da.
765 980 798 1000 λεν.
811 985 885 997 maussse
894 980 974 997 videntur.

202 1007 234 1024 Sed
251 1012 271 1024 ne
288 1007 329 1024 illud
346 1007 411 1028 quidem
429 1007 479 1028 probo
495 1007 566 1024 Hirtium
580 1012 616 1024 cum
630 1007 761 1024 commentarium
776 1009 848 1024 nostrum
863 1007 975 1028 imperfectum

122 1034 237 1056 perficiendum
249 1035 333 1055 inciperet,
349 1034 375 1051 liic
387 1034 440 1051 illicve
452 1034 529 1051 nonnulla
541 1035 639 1051 retractasse
651 1036 668 1051 et
680 1039 760 1051 exarasse.
784 1034 825 1050 Sanc
837 1034 891 1051 Hirtio
905 1034 942 1054 etsi,
957 1035 976 1050 ιιι

123 1062 139 1078 in
150 1066 175 1082 ep.
188 1062 208 1078 ad
216 1061 262 1078 leb.
275 1061 331 1082 refert,
343 1061 386 1078 bello
395 1061 504 1078 Alexandrino
512 1066 544 1078 non
552 1061 631 1081 interfuit,
643 1065 670 1077 res
678 1061 719 1078 libro
727 1062 808 1078 tractatae
816 1065 835 1077 ex
844 1062 891 1082 parte
899 1060 975 1077 Caesaris

122 1093 196 1106 sermone
209 1089 232 1105 ita
244 1090 292 1105 uotae
304 1088 353 1105 luisse
366 1088 462 1109 videutur'),
475 1090 493 1105 ut
504 1090 549 1105 certe
560 1088 575 1105 si
586 1088 625 1109 quid
637 1088 696 1105 Caesar
708 1088 742 1109 ipse
755 1089 817 1109 ‘parum
829 1088 894 1108 integra
905 1088 975 1104 veritate

123 1115 148 1132 vel
160 1115 233 1132 consulto
245 1115 270 1132 vel
282 1115 332 1132 etiam
344 1116 421 1132 memoria
433 1115 509 1136 lapsus’')
524 1120 610 1136 perperam
621 1115 700 1136 ediderat,
715 1115 735 1132 de
747 1120 776 1131 suo
788 1114 848 1132 addere
860 1116 920 1136 posset.
944 1114 975 1131 Sed

123 1143 139 1159 id
157 1142 177 1159 de
194 1142 275 1159 industria
292 1143 345 1159 (acere
363 1147 445 1163 nunquam
457 1143 515 1159 Aulum
533 1147 609 1159 ausurum
627 1142 677 1159 luisse
695 1144 768 1163 apparet,
786 1142 847 1163 quippe
864 1142 892 1162 qui
906 1142 975 1158 maxima

123 1169 194 1186 imbutus
212 1169 335 1190 admiratione¹)
353 1169 428 1186 Caesaris
445 1169 471 1186 sui
486 1169 542 1186 laudes
558 1168 665 1190 praedicet‘),
683 1173 764 1190 nunquam
780 1173 817 1186 enm
833 1169 906 1186 consulto
922 1168 975 1185 studio

123 1196 220 1213 emendandi
234 1196 321 1213 adductum
335 1197 388 1213 medio
403 1201 421 1213 se
436 1197 570 1217 interpositurum
584 1196 634 1213 {uisse
649 1196 724 1213 Caesaris
738 1196 862 1216 commentario,
877 1197 935 1216 utpote
948 1196 975 1216 qui

123 1224 184 1240 invitus
196 1225 259 1240 tautum
270 1224 317 1241 Balbi
328 1224 403 1245 precibus
411 1226 493 1245 tamquam
501 1224 599 1241 necessitate
607 1225 673 1240 coactus
681 1223 815 1244 perficiendos
823 1223 873 1239 libros
881 1222 976 1242 susceperit.

205 1286 215 1303 1)
224 1286 263 1300 um
272 1286 320 1304 pauni.
329 1286 379 1300 uma.
395 1286 429 1300 mes
438 1289 460 1304 μς,
469 1287 529 1304 1⁵21qq.
540 1294 555 1296 -
566 1286 577 1303 τ)
586 1285 604 1299 er.
613 1289 635 1303 μς.
644 1286 660 1299 19
670 1286 703 1299 om⁴
714 1293 730 1296 -
741 1285 752 1303 ι)
763 1284 781 1299 οι.
792 1285 847 1299 snum
857 1284 896 1299 cm.
906 1289 917 1298 a.
927 1284 949 1298 π.
959 1291 975 1295 —

124 1310 135 1327 ¹)
144 1308 161 1322 οι
171 1313 193 1326 93.
202 1310 222 1323 ιε,
233 1316 249 1319 -
259 1309 270 1327 -)
280 1313 301 1326 ψ.
311 1308 328 1323 ,ει
338 1308 376 1323 aaa.
387 1310 404 1326 ,ς
410 1309 449 1323 3-7.
