1060 1431
453 93 563 109 —21—

82 139 147 160 egregie
159 139 175 155 in
187 138 258 155 Hirtium
270 138 330 154 cudunt
343 138 386 154 varia
398 137 476 154 vocabula
488 140 504 154 et
517 138 611 158 locutiones,
625 142 668 159 quae
682 143 701 154 ex
714 138 729 154 b.
740 138 777 158 gall.
789 138 826 154 VIII
839 138 935 159 deprompta

81 167 126 185 sunt;
138 170 170 186 quo
182 170 201 182 ex
213 169 279 181 numero
291 164 331 181 haec
343 165 443 186 perlustrare
454 165 495 182 satis
507 167 539 182 est:

162 192 200 213 Gap.
209 192 238 208 23:
254 192 347 208 secundis
359 192 418 208 rebus
430 192 550 209 confirmari.
575 192 594 208 cf.
607 192 686 212 Vlu,13,
695 193 711 208 4.
728 201 748 204 —
766 192 799 213 qni
811 192 829 208 in
842 192 935 209 Caesaris

81 221 139 236 eraut
150 219 265 240 praesidiis.
285 218 304 235 cI.
317 219 343 239 3³,
352 219 369 235 2:
381 223 423 240 quae
435 220 517 235 manserat
528 219 544 235 in
557 219 588 236 fide
600 219 719 240 praesidiisque
731 219 770 236 eius.
796 219 849 235 Dictio
861 218 935 236 Ciceroni

81 246 129 263 valde
147 247 226 266 adamata,
245 250 293 266 quum
305 245 368 262 Hirtius
386 246 429 262 haud
446 246 479 262 scio
497 251 517 262 un
536 246 608 263 imitatus
620 246 646 263 sit.
670 246 710 263 Nem
723 246 817 263 Ciceronem
828 246 892 263 dicendi
904 246 935 263 dis-

82 273 153 294 cipulum
165 273 193 290 illo
205 275 277 293 tempore
289 272 365 289 habuisse
377 272 448 289 Hirtium
460 275 524 289 constat
541 273 566 294 (εἰ.
579 273 611 289 Gie.
624 273 660 289 Iam.
674 273 689 293 9,
700 274 724 293 16,
734 274 751 292 7;
767 273 787 289 ad
800 273 833 289 Att.
847 274 872 293 14,
882 273 934 293 12,2;

82 300 148 320 Quintil.
163 301 223 321 12,11‚
233 300 249 320 6;
268 299 333 316 Sueten.
346 300 366 316 de
381 304 447 320 gramm.
460 305 486 321 pg.
495 300 534 320 121;
547 300 584 316 Seu.
598 302 669 317 controv.
682 300 689 316 1
701 299 752 321 praef.
765 300 827 320 61,16;
846 299 933 321 Landgraf.

82 327 92 344 1.
102 327 112 344 l.
125 332 151 348 pg.
161 327 223 348 65s66).
236 336 255 339 —
269 327 352 343 oonsilio
361 339 365 343 .
373 339 377 342 .
386 327 427 347 regi
439 327 526 348 probatu.
543 326 587 346 vm.
596 328 622 347 21,
633 328 648 343 l:
661 327 692 343 hoc
702 327 775 343 omuibus
783 327 852 347 probato
861 327 934 343 consilio.

81 354 179 370 —Iacere
196 354 215 370 id
233 354 282 375 quod
300 358 335 370 rex
352 354 476 375 imperasset.
501 354 607 375 V111,48‚8:
625 358 642 370 se
657 358 677 370 se.
690 353 770 370 iacturum
785 358 827 374 qnae
844 354 934 374 imperavit.

81 380 142 397 Caesar
153 385 222 401 semper:
242 381 328 401 ‘imperata
338 380 403 397 facere'.
422 390 441 393 —-
460 381 545 401 periculi
557 381 620 397 timor.
645 380 688 401 vm,
698 381 712 401 5,
722 381 740 397 4:
759 380 826 401 periculi
838 382 898 397 terror.
911 390 932 393 —

81 408 197 425 Gravissimum
210 409 263 424 antem
276 407 351 424 iudicium
364 409 393 428 est.
406 408 449 428 quod
461 413 480 424 ex
492 408 522 424 hoc
534 409 551 424 et
562 412 603 428 quae
615 408 647 424 alia
659 407 725 424 afferam
738 407 819 428 capitibus
830 409 869 424 nota
877 407 935 424 coloris

80 435 153 451 Hirtiani
165 434 209 451 claro
221 435 280 451 clarius
292 435 357 452 eminet,
376 435 392 451 id
404 435 447 455 qnod
459 435 539 451 nemiuem
551 434 622 455 effugere
633 436 693 455 potest,
711 434 738 455 qui
753 434 845 451 accuratius
857 435 873 451 iu
885 434 935 451 Hirtii

81 462 136 479 stilum
148 462 255 483 inquisiverit⁴

161 488 200 509 Cep.
209 489 237 505 25:
250 488 275 505 De
287 488 333 505 initio
345 488 365 505 cf.
377 488 464 509 Landgraf.
476 488 486 505 1,
496 489 505 505 Ι.
518 493 545 509 pg.
554 489 593 505 111:
607 489 650 508 „Das
662 488 737 509 Geprage
749 488 778 505 des
790 493 851 510 gauzen
860 489 935 509 Kapitels

80 516 103 532 ist
120 515 244 532 unverkennbar
261 516 291 532 das
307 515 420 534 hirtianisnbe;
438 520 475 532 man
492 515 526 532 lese
544 520 574 532 nur
592 516 622 532 den
634 516 669 532 sich
680 515 754 532 mens-m
766 516 817 532 durch
829 516 859 533 den
872 521 934 537 ganzen

82 544 137 559 ersten
149 542 264 563 Par-graphan
276 542 424 563 hinscbleppenden
436 542 480 562 Satz.
495 543 521 559 ein
534 542 581 559 Glied
596 542 658 559 sebeiut
670 547 690 559 an
703 542 732 559 das
744 543 804 559 endere
816 543 904 564 sugeleimt
915 548 935 559 zu

80 569 134 586 seim:
153 569 192 585 Cum
200 581 204 585 .
213 582 217 585 .
227 569 375 586 animadverterent
392 569 534 590 eludentibusqne
552 569 631 586 militibus
639 581 643 585 .
652 582 655 586 .
665 574 741 590 magnum
759 569 830 586 dolorem
842 570 935 590 acciperent

80 601 143 617 neque
151 608 155 612 .
165 609 169 612 .
178 596 252 613 viderent
263 601 376 617 rumoresque
388 596 477 613 existerent
488 598 519 613 etc.
531 605 553 609 —-
568 596 641 613 Similem
652 596 700 613 nimis
712 596 776 617 longam
789 596 857 617 ideoque
869 597 935 613 minime

81 625 155 644 argutam
167 623 251 644 periodum
263 623 353 640 invenimus
364 624 380 639 in
392 624 402 644 §
411 624 428 640 5:
446 623 492 640 ‘Nam
505 628 540 641 cnm
549 636 553 640 .
563 637 566 640 .
575 625 640 640 ventum
655 625 704 643 esset,
718 623 839 644 instructaque
854 624 935 644 utrimque

80 650 138 667 classis
155 649 258 671 conflixisset,
276 652 296 667 et
305 664 308 667 .
318 663 321 667 .
331 650 410 671 proelium
428 651 536 667 commisisset
552 652 572 667 et
588 651 670 667 triremem
686 650 756 667 hostium
769 650 882 671 perforasset.
891 650 900 667 .'
914 660 934 662 —

80 678 207 694 commeatum
225 677 354 698 intercipere.
378 677 422 698 vm,
431 677 480 698 30,1.
499 678 526 697 47,
535 678 552 696 2:
570 677 614 698 apud
626 677 712 694 Caesarem
724 677 805 694 invenies:
823 678 934 694 ‘commeatum

81 704 195 723 intercludere.
202 704 299 725 prohibere’.
312 713 332 716 —
345 704 445 725 expeditis
457 704 547 726 navigiis
559 704 636 721 idoneis
645 704 693 721 locis
701 704 719 721 in
728 704 815 721 statione
823 704 934 725 dispositis.

81 731 127 751 vm,
137 732 162 751 15,
171 731 190 747 a:
208 731 282 752 exquitss
294 731 310 748 in
322 731 393 748 statione
405 732 486 752 disponit;
504 731 547 752 VIII⁷
556 732 582 752 28,
592 732 609 748 2:
625 733 687 748 turmas
699 731 761 748 idoneis
773 731 813 748 locis
825 731 900 752 disponit
914 740 935 743 —

81 758 192 775 dimicatio.
215 758 258 774 Voce
271 758 334 779 ‘pugna'
347 759 367 775 H.
380 758 424 775 nullo
436 759 471 775 loco
483 759 540 775 utitur.
554 768 573 771 —-
586 763 627 775 cum
640 758 663 775 sd
675 758 772 779 Canopum
784 760 863 775 ventum
875 760 934 775 esset⁴

81 785 126 805 vm,
135 785 161 805 23,
170 786 188 802 5:
201 790 236 802 cum
248 785 265 802 in
277 785 374 806 colloquium
386 787 451 802 ventum
463 787 512 802 esset.

162 811 200 832 Cap.
210 812 239 828 27:
257 817 304 833 pars
316 812 410 833 quaedam
421 812 514 829 fluminis
526 812 572 829 Nili.
596 812 640 832 VIII,
649 812 699 833 26,1;
718 816 756 833 pars
772 812 851 833 quaedam
863 812 935 829 civitatis

81 839 122 855 eius
139 848 160 851 -
178 839 270 860 superari
282 839 388 860 delerique.
411 839 456 856 Haec
471 840 562 856 coniunctio
576 839 644 856 duorum
656 839 771 855 infinitivorum
783 843 813 859 per
825 839 867 860 ‘que'
880 839 934 856 Hirtio

80 870 113 882 nou
125 866 204 882 inusitata
215 868 245 883 est.
259 875 279 878 -—
292 866 375 888 optabat
387 870 428 883 eum
440 867 496 883 vinci.
517 866 578 887 Optare
591 871 627 883 enm
638 871 671 883 ace.
683 871 696 882 c.
708 865 736 882 iuI.
749 866 822 882 iuvenies
834 866 935 886 vm,41.2:

81 892 112 909 hoc
123 893 168 909 fonte
180 893 263 913 prohiberi
275 898 322 914 posse
335 893 425 914 oppidanos
437 898 472 910 cum
484 895 561 914 optarent
572 893 640 914 reliqui;
653 898 688 909 cum
700 892 728 910 inf.
737 893 781 913 vm,
790 893 805 913 9,
815 893 833 909 2:
846 893 877 910 etsi
889 893 935 910 dimi-

81 924 118 936 eare
130 921 221 940 optaverat.
239 929 258 932 -
279 920 399 937 festinantes
411 921 532 941 praeripere.
550 920 570 937 οἱ,
583 920 608 937 Al.
620 921 671 939 71,1:
687 920 790 937 festinantem
803 924 821 936 ac
830 933 834 936 .
843 926 856 940 .;
868 919 935 937 Caesari

81 948 164 967 spretum
181 951 205 968 ep.
218 947 239 964 ad
251 947 297 964 Balb.
309 947 345 968 §52
364 949 382 964 ut
393 949 492 968 praerepta.
501 959 505 963 .
514 947 593 964 videatur.
613 956 632 959 —
649 951 736 968 magnum
754 951 853 964 numerum
871 947 936 964 iuter-

81 973 132 990 fecit.
149 973 168 990 ei.
180 974 223 994 vm,
233 974 259 995 25,
268 975 282 990 l.
294 983 316 986 —
328 974 351 991 ab
363 975 400 991 illo
412 975 482 991 timore
494 979 514 991 se
526 975 647 991 recrearunt.
664 974 707 994 VIII⁷
718 975 757 991 l.1:
773 974 833 990 milites
846 973 913 991 reficere
924 978 935 990 a

81 1000 131 1017 tantis
143 1000 231 1017 laboribus.
255 1001 311 1018 Cicero
323 1001 387 1018 scribit:
400 1001 467 1018 reficere
479 1003 496 1018 et
508 1006 581 1018 recreare
593 1006 618 1021 ex.
630 1001 691 1018 Caesar
703 1005 759 1018 unum:
772 1001 844 1018 ‘reficere
857 1001 886 1018 ex'.

161 1028 192 1044 Sed
204 1028 244 1045 haec
256 1028 339 1049 haetenus,
351 1033 447 1049 quamquam
460 1033 479 1045 ex
491 1029 557 1049 reliquis
569 1033 633 1049 quoque
644 1028 721 1045 Hirtiane
732 1030 788 1048 petere
799 1028 847 1045 facile
859 1030 889 1045 est.

162 1054 222 1074 Quibus
240 1055 295 1075 paucis
313 1055 393 1076 capitibus
411 1056 502 1076 peragratis
520 1060 571 1076 genus
588 1055 652 1072 dicendi
669 1055 690 1072 ab
702 1055 751 1071 Hirtii
769 1055 834 1072 minime
847 1055 934 1072 abhorrere

80 1082 154 1102 apparet,
171 1083 189 1098 ut
204 1086 249 1098 meae
266 1082 286 1098 de
298 1082 345 1099 liuius
357 1082 409 1103 partis
422 1083 494 1103 corporis
506 1082 552 1099 Caes.
565 1082 627 1103 origiue
640 1082 712 1103 opinioni
724 1082 764 1098 nihil
777 1082 843 1099 obstare
855 1082 934 1099 videatur.

80 1107 138 1124 Altera
155 1112 193 1124 vere
211 1113 230 1125 ex
247 1110 295 1129 parte
309 1109 321 1125 ii
333 1113 388 1126 errare
400 1114 432 1126 uon
444 1109 524 1130 videntur,
542 1109 569 1130 qui
584 1109 609 1125 hic
625 1109 677 1125 illicve
689 1108 767 1125 nonnulla
778 1114 798 1126 ex
810 1109 885 1126 Caesaris
897 1114 934 1126 con-

80 1135 167 1152 suetudine
184 1135 253 1152 inveniri
271 1135 376 1152 arbitrantur.
401 1136 442 1153 Nam
459 1141 494 1153 cnm
513 1137 571 1156 omnia,
589 1141 631 1157 qnae
648 1136 674 1152 his
692 1135 772 1156 capitibus
790 1138 882 1156 narrantur,
899 1136 935 1153 solo

80 1161 156 1178 Caesaris
168 1167 242 1179 sermone
253 1162 307 1179 Hirtio
319 1165 358 1179 uota
369 1165 429 1183 essent,
442 1163 519 1180 nonnulla
531 1168 570 1179 sane
582 1163 606 1180 ita
617 1163 689 1179 tenuisse
702 1167 738 1179 enm
751 1163 828 1179 memoria
840 1168 871 1179 non
883 1163 935 1180 incre-

81 1188 133 1205 dibile
145 1190 176 1209 est,
188 1191 206 1206 ut
218 1189 238 1206 ad
251 1189 316 1206 verbnm
329 1190 390 1207 referre
402 1192 463 1211 posset.
479 1195 520 1211 quae
533 1190 624 1210 audiverat:
642 1190 697 1211 itaque
710 1190 796 1211 perpaucis
808 1190 847 1207 locis
859 1190 934 1207 Caesaris

80 1215 151 1232 colorem
163 1218 180 1232 et
192 1216 279 1233 dictionem
291 1217 386 1233 exstinxisse
398 1222 430 1234 non
442 1217 510 1234 videtur.
535 1217 584 1234 Cuius
600 1218 624 1234 rei
636 1219 681 1234 certa
693 1219 789 1239 argumenta
800 1222 891 1238 proponere
903 1217 934 1234 etsi

80 1243 188 1263 *periculosae
205 1243 270 1264 plenum
288 1248 329 1264 opus
341 1244 391 1261 aleae'
404 1246 434 1264 est.
452 1246 506 1261 temen
518 1244 549 1261 huc
561 1245 629 1265 primum
642 1245 724 1265 pertinere
736 1247 780 1266 puto,
800 1245 897 1266 nisi,omnia
908 1249 935 1261 me

79 1269 144 1290 fallunt,
157 1272 206 1291 caput
214 1271 240 1290 28,
249 1271 299 1286 1—2:
311 1271 408 1288 ‘mittitur
420 1276 429 1288 ι
441 1271 557 1288 Mithridate
569 1272 651 1288 nuntius
659 1271 748 1292 Caesari„
761 1272 793 1292 qui
805 1276 843 1288 rem
856 1273 934 1292 gestam

79 1297 188 1318 perterret.
205 1297 312 1318 Cognoscit
324 1303 345 1315 ex
357 1298 399 1315 suis
411 1298 475 1315 eadem
487 1298 534 1315 haee
542 1299 640 1315 accidisse
648 1299 693 1316 rex'.
705 1299 767 1317 Similis
775 1300 801 1316 est
809 1299 853 1315 locus
862 1299 876 1318 2,
884 1299 934 1319 39,1:
