1060 1431
447 100 556 115 —19-

72 143 122 161 facile
137 145 186 165 atque
201 143 276 160 celeriter
291 143 341 160 libros
356 143 442 164 perfecerit
457 141 521 164 Ca'esar,
540 144 563 160 ita
577 144 639 165 pergit:
657 144 698 160 *erat
712 146 766 161 autem
781 145 797 161 in
810 144 879 161 Caesare
892 150 927 161 cum

72 171 143 187 facultas
160 173 209 192 atque
227 170 308 191 elegantia
326 175 388 187 summa
405 171 490 191 scribendi,
508 173 542 187 tum
559 171 643 188 verissima
658 171 727 187 scientia
743 176 808 188 suorum
824 172 926 189 consiliorum

71 198 215 219 explicandorum'.
239 197 297 218 Itaque
314 199 333 214 ut
350 197 377 214 alii
390 197 464 214 Caesaris
481 198 575 214 facultatem
593 198 634 214 bene
652 199 669 215 et
686 198 771 215 emendate
786 198 866 215 scribendi
878 200 927 220 atque

71 225 171 246 elegantiam
180 225 265 244 mirantur,
277 225 301 241 ita
309 224 373 241 Hirtius
381 225 416 245 ipse
425 224 500 242 Caesaris
508 225 595 242 scientia
605 225 711 245 componendi
720 226 737 241 et
744 225 834 246 explicandi
843 225 927 242 verissima

70 251 146 269 effectam
165 251 266 268 celeritatem
285 253 301 268 et
316 251 416 268 facilitatem.
440 251 471 268 Sed
483 251 574 273 Zingerlius
586 253 603 268 et
615 251 655 268 baec
666 252 739 272 neglexit
750 254 767 268 et
778 257 819 273 quae
831 254 926 273 sequuntur.

71 278 116 295 Nam
128 278 190 295 Hirtius
208 278 252 295 velut
269 283 301 295 uno
318 279 375 295 tenore
393 280 410 295 et
427 279 486 299 spiritu
498 279 572 299 queritur
584 283 601 295 se
613 278 656 295 bello
668 278 692 295 Al.
705 280 723 295 et
734 279 768 295 Alr.
781 283 812 296 uon
824 279 926 300 interfuisse,

71 305 132 326 quibus
144 306 160 322 in
174 305 288 326 componendis
300 305 314 322 si
327 305 368 326 quid
380 305 426 326 sciat,
438 310 457 322 ex
469 310 543 322 sermone
555 305 630 322 Caesaris
642 310 660 322 se
672 306 775 326 comperisse.
794 306 850 323 Nonne
862 307 878 323 id
890 311 927 327 per-

73 337 140 349 versum
153 334 183 352 est,
195 332 209 349 si
221 332 256 353 ipse
268 332 398 353 ephemeridibus
410 337 420 349 a
428 332 497 349 Caesare
506 333 567 349 relictis
574 333 601 349 uti
609 333 673 353 potuit?
691 334 743 354 Atque
751 333 819 354 Hirtius,
831 333 858 354 qui
867 333 927 355 ubique

73 360 127 376 virum
139 359 229 376 modestum
241 359 341 380 probumque
353 364 372 376 ac
384 364 438 376 verum
451 364 468 376 se
476 360 559 380 praebeat,
572 360 585 376 si
594 364 613 376 ex
622 360 703 376 breviario
710 360 784 377 Caesaris
796 360 861 377 haurire
869 361 927 381 potuit,

75 386 93 403 id
111 391 142 403 non
157 386 248 406 celavisset.
264 386 292 403 sed
309 387 363 407 potius
379 386 423 403 laeto
435 387 488 403 animo
500 387 551 403 Balbo
563 386 676 408 nuntiasset'),
694 391 745 408 aeque
757 388 806 408 atque
818 392 873 404 omnes
886 387 927 404 diffi-

74 413 145 430 cultates
157 413 237 430 scribendi
250 418 338 434 causasque
350 413 436 430 excusandi
449 413 515 434 colligit
534 414 605 430 Hirtium
618 415 672 430 autem
680 414 754 430 consulto
762 414 837 435 tacuisse,
849 416 868 430 ut
875 414 927 431 Balbo

73 440 122 457 fidem
131 440 232 457 difficultatis
240 440 320 457 scribendi
328 442 401 461 augeret,
410 445 429 457 ex
437 441 505 457 adverso
514 441 545 457 diei
553 446 585 457 nun
594 442 653 461 potest.
673 440 713 457 Nam
722 440 787 461 Balbus,
796 441 824 462 qui
832 441 909 458 Suetonio
913 442 927 462 ¹)

74 469 117 484 teste
129 467 264 484 familiarissimus
273 467 347 484 Caesaris
359 469 400 487 erat,
413 472 448 484 euru
461 468 585 484 commentarios
597 468 635 484 belli
647 468 714 484 diurnos
726 468 757 484 sibi
765 468 875 488 composuisse
883 470 927 485 certe

74 494 169 514 audivisset,
181 494 239 515 quibus
251 494 315 511 Hirtius
327 494 350 511 uti
363 495 420 515 potuit.
437 495 493 515 Itaque
506 495 519 511 is
532 494 578 511 Balbi
590 495 640 511 risum
651 494 732 511 movisset..
750 494 794 514 Quae
806 499 842 511 eum
853 495 876 511 ita
889 495 927 516 sint,

74 521 128 537 nullas
140 520 190 537 fuisse
199 521 273 538 Caesaris
285 521 397 542 ephemerides
409 522 488 542 existimo,
500 526 540 542 quas
549 521 612 538 Hirtius
624 521 709 538 elaborare
717 523 734 538 et
741 523 823 542 tamquam
832 522 927 539 elucubrare

73 548 134 569 potuit.
156 548 189 565 Nee
201 548 252 568 magis
265 548 312 564 credo
325 548 395 565 Hirtium
408 550 437 565 aut
448 553 467 565 ex
479 548 516 565 aliis
527 548 599 565 fontibus
611 549 626 565 iu
640 549 749 569 componendo
761 548 834 565 hausisse
846 550 874 565 aut
886 548 927 566 banc

74 575 141 591 illamve
153 576 216 595 partem
228 575 282 596 operis
294 575 319 592 sui
331 575 368 591 aliis
376 575 469 592 auctoribus
478 575 542 592 debere,
560 575 596 592 Non
605 575 656 592 dicam
665 575 736 592 Hirtium
744 580 773 596 per
781 577 832 592 totam
840 576 927 596 epistulam

74 607 96 618 ne
108 601 173 618 verbum
186 602 250 622 quidem
263 602 282 618 de
294 602 324 619 hac
337 607 354 619 re
366 602 423 622 tacere,
436 607 467 619 non
480 602 548 622 iterabo,
560 607 608 623 quam
621 602 675 623 inepte
687 602 701 619 is
713 607 731 619 se
742 602 784 619 bello
793 602 818 619 Al.
827 604 844 619 et
851 602 885 619 an».
894 607 927 619 uon

74 628 169 645 interfuisse
181 629 253 645 dicturus
266 628 319 648 luerit,
334 629 348 645 si
363 633 383 645 ea
394 629 486 646 litterarum
498 629 579 650 praesidia
591 629 606 645 ei
618 629 750 650 snppetivissent,
764 629 793 645 sed
805 629 875 646 omnium
888 629 928 646 stul-

74 656 148 672 tissimus
165 657 183 672 et
200 656 349 676 impudentissimus
361 656 424 672 Hirtius
435 656 517 677 putandus
529 661 565 673 esse
576 656 664 675 videretur,
683 656 697 672 si
709 656 801 677 ubicunque
813 656 833 672 de
845 661 874 673 suo
886 661 928 673 com—

74 687 135 703 ponere
152 687 184 699 non
202 683 260 703 potuit,
279 683 347 699 aliorum
365 683 443 703 opuscula
460 688 490 700 suo
508 683 621 704 supposuisset
637 682 689 703 (velnt
703 682 742 699 belli
757 682 781 699 Al.
797 687 843 703 capp.
856 683 928 703 48-64,

74 709 91 726 b.
104 709 143 730 aaz,
156 709 172 726 id
185 710 227 730 quod
239 709 320 726 nonnullis
332 710 348 726 in
361 711 430 727 mentem
442 710 493 731 veuit)
505 714 557 731 eaque
569 710 604 727 sine
616 709 649 726 ulla
660 709 761 726 dubitatione
774 710 825 727 Balbo
837 715 866 727 sua
878 711 929 727 tradi-

75 737 132 753 disset
156 736 196 753 Nam
211 736 248 753 illae
263 738 319 757 partes
333 737 357 753 ita
368 741 401 753 non
413 737 486 753 redolent
498 737 547 753 Hirtii
560 737 646 753 dictionem
651 736 669 758 ⁸),
686 739 705 753 ut
717 737 776 753 Balbus
788 737 860 754 fraudem
872 738 928 754 statim

75 764 192 784 perspexisset,
205 765 221 780 et
233 764 249 780 id
261 768 280 780 eo
292 763 360 783 facilius,
373 764 415 784 quod
424 764 487 780 Hirtius
499 764 531 780 illis
544 764 604 780 verbis:
617 764 661 780 ‘mihi
673 769 693 780 ue
705 764 745 780 illud
756 764 821 785 quidem
833 764 897 785 accidit,
910 766 929 781 ut

75 790 184 807 Alexandrino
197 792 246 811 atque
255 790 330 807 Africano
342 790 385 807 bello
397 791 499 811 interessem
512 796 554 812 quae
562 791 604 807 bella
612 795 708 812 quamquam
717 795 735 807 ex
744 793 791 811 parte
799 791 845 808 nobis
854 791 928 808 Caesaris

75 822 151 834 sermone
162 819 201 834 aunt
212 819 251 834 nota
259 830 263 834 .
272 818 281 833 .’
290 818 346 839 utique
355 817 419 835 efficere
427 818 507 838 videatur⁷
519 819 538 834 ut
546 818 606 834 Balbus
614 822 649 834 eam
657 818 752 838 intellegere
760 820 832 839 cogatur.
849 818 927 835 Neutrum

74 845 126 865 igitur
144 849 198 861 verum
216 846 249 861 est:
268 845 331 861 Hirtius
348 849 400 865 neque
417 850 436 861 ex
454 845 508 866 aliquo
522 844 567 861 fonte
584 845 638 861 bausit
649 849 701 865 neque
713 845 781 861 aliorum
793 845 871 866 opuscula
883 845 928 866 uperi

74 876 105 888 suo
117 871 185 888 addidit.

156 899 209 919 Atque
221 898 297 919 quoniam
309 898 329 915 de
340 903 370 915 sno
382 903 463 919 perpauca
475 898 522 915 modo
535 898 636 919 perscribere
648 898 724 919 potuit‘),
739 898 817 919 sequitur,
831 899 928 919 praesertim

74 925 90 942 si
102 925 161 944 omnia,
173 930 215 946 quae
226 925 278 942 adhuc
287 925 404 946 disputavimus
412 925 432 942 de
440 925 474 941 eius
483 925 542 942 inertia
550 927 566 942 et
574 925 639 942 inscitia
646 925 757 946 componendi,
769 925 789 942 de
797 925 834 942 odio
842 925 928 946 scribendi,

74 952 118 973 quod
136 952 215 973 imprimis
233 953 300 973 propter
317 957 375 968 vanam
393 957 438 969 sunm
456 952 476 968 de
488 952 562 969 Caesaris
580 952 672 969 inimitabili
690 952 773 973 elegantia
788 952 880 973 opinionem
892 957 927 969 eum

75 980 146 999 ceperat,
159 979 179 995 de
191 983 241 999 parvo
253 979 330 1000 temporis
342 979 401 1000 spatio,
413 979 456 1000 quod
468 979 573 1000 comsumpsit
585 979 601 995 in
614 979 709 1000 supplendo,
722 979 791 1000 denique
803 979 822 996 de
835 979 879 996 lenta
891 984 928 996 eon-

74 1006 140 1022 ficieudi
152 1006 220 1026 ratione,
231 1015 249 1018 -
259 1006 272 1022 si
285 1006 335 1027 igitur
347 1006 387 1023 haee
398 1007 452 1023 omnia
460 1006 587 1027 computavimus
599 1007 616 1023 et
627 1006 746 1027 perpendimus,
758 1006 836 1027 sequitur.
848 1008 866 1023 ut
878 1006 928 1023 Aulus

74 1033 169 1053 opusculum
181 1033 256 1053 exiguum
268 1035 285 1049 et
296 1033 327 1049 vile
340 1033 417 1053 perficere
429 1035 446 1049 et
458 1033 527 1050 voluerit
539 1034 556 1050 et
567 1034 644 1054 potuerit.
656 1033 699 1054 quod
710 1038 736 1050 res
745 1033 815 1050 omnium
824 1033 928 1054 gravissimas

74 1060 176 1081 maximeque
188 1060 293 1080 necessariae.
309 1060 325 1076 in
340 1060 434 1081 quantum¹)
448 1065 476 1077 ens
491 1060 542 1077 oculis
554 1060 587 1077 suis
599 1060 662 1077 viderat
674 1062 703 1077 aut
715 1060 789 1077 Caesaris
801 1065 874 1078 sermone
886 1065 928 1077 coni-

73 1089 146 1108 pererat,
164 1087 308 1108 comprehenderet
325 1089 342 1103 et
360 1087 386 1104 vix
400 1087 447 1104 unius
459 1087 549 1107 voluminis,
567 1088 577 1103 i.
590 1092 604 1104 e.
617 1087 728 1104 commentarii
740 1088 824 1104 circuitum
836 1089 853 1104 et
864 1087 928 1104 modum

73 1114 158 1131 transiret.
182 1114 239 1135 Itaque
256 1114 272 1130 in
291 1119 316 1135 ep.
328 1114 349 1130 ad
361 1114 407 1131 Balbi
425 1116 469 1131 reete
487 1114 527 1130 dicit
544 1114 564 1130 de
582 1119 618 1130 uuo
631 1114 750 1134 commentario,
769 1119 816 1135 quem
828 1114 849 1131 ad
860 1116 928 1131 mortem

74 1141 151 1158 Caesaris
162 1141 262 1161 perduxerit.
278 1141 323 1161 Quod
336 1146 374 1157 vero
382 1145 392 1157 a
400 1141 475 1158 Caesaris
484 1141 600 1158 consuetudine
608 1141 693 1158 discedens
701 1146 727 1158 res
736 1142 841 1162 complurium
850 1146 928 1158 annorum

158 1195 167 1212 ¹)
176 1194 243 1208 Similiter
252 1194 335 1208 Hirschfeld
345 1194 359 1208 in
370 1194 415 1208 Herm.
425 1194 446 1211 Ἡ,
453 1195 484 1208 1⁰1:
499 1194 562 1211 „Hirtin-
574 1194 612 1208 hatte
622 1195 636 1208 in
645 1195 698 1208 ιαίιιειιι
707 1194 753 1208 Briaia
762 1194 802 1208 nicht
811 1194 855 1208 daven
863 1195 889 1212 (sc.
898 1194 929 1208 dam

73 1216 158 1233 Tngsbuebe
168 1216 224 1234 Clean)
233 1216 333 1234 geachwisgan,
342 1217 367 1230 der
375 1217 394 1230 im
404 1216 477 1234 Geganteil
486 1216 532 1230 nicbtn
541 1216 580 1230 mehr
589 1217 668 1234 garunnam
678 1217 721 1234 hatte,
730 1217 750 1231 als
760 1217 798 1231 aeine
804 1217 902 1234 Legitimum
912 1221 928 1231 an

73 1239 121 1253 ιιι-ει-
131 1238 225 1256 nortmaruug
234 1239 260 1252 mit
268 1238 378 1253 aruinum-nm
388 1238 510 1256 autisiehnungm
519 1239 568 1253 casm
578 1239 657 1256 amanam
667 1244 684 1253 m
693 1239 760 1253 konnen«.

156 1262 167 1278 τ)
176 1261 201 1275 vit.
210 1261 249 1275 em.
259 1266 271 1274 c.
278 1262 300 1275 si.
310 1269 325 1272 -
336 1262 348 1278 ²)
357 1261 374 1275 er.
383 1266 406 1279 μς.
413 1262 430 1275 20
439 1261 470 1275 aaa.
481 1262 487 1275 1
498 1262 512 1275 et
521 1265 544 1279 ns-
552 1262 609 1276 23—24.
620 1270 635 1273 —
645 1262 658 1279 ⁴)
667 1262 685 1276 ei.
694 1266 716 1280 με.
726 1263 742 1276 is
751 1262 769 1276 inl
779 1263 794 1276 οι
803 1266 825 1280 μς.
834 1263 852 1276 so
860 1262 880 1276 ia.

156 1284 167 1301 ¹)
176 1288 207 1297 eum
217 1283 243 1297 ιιιι
253 1284 317 1301 npinioua
327 1284 367 1297 uiae
376 1285 453 1301 mugi-mmo
462 1284 505 1297 mb-
514 1284 556 1298 ι-ιιηιε
566 1284 579 1298 ιιι
589 1288 609 1302 ep.
617 1284 634 1298 uo
641 1284 680 1298 nub.
689 1284 718 1302 se:
728 1285 768 1302 ‘qu-0
776 1284 812 1298 tul·
821 1284 848 1302 (ai.
856 1285 870 1298 st
876 1284 929 1302 arra„

73 1310 95 1320 u
104 1307 153 1323 put·
162 1306 203 1320 noti·
210 1306 263 1319 ..mne
272 1307 308 1320 um

830 1333 848 1349 3·
