1060 1431
449 106 562 122 -13-

78 156 137 172 opere
149 151 226 168 effecto.
247 150 335 171 1V,18,1.
355 150 391 171 VH,
400 151 427 171 ³5,
436 151 451 167 5.
470 160 487 162 —
505 151 561 167 11111111,
573 151 650 168 omnino
661 151 743 172 scapha.
763 150 786 167 ei.
799 156 826 172 pg.
836 152 850 167 9.
870 160 888 163 -
909 156 932 167 ex

77 178 150 199 oppido
162 183 182 195 se
194 178 300 195 eiecerunt.
317 177 341 194 Of.
353 183 379 198 pg.
389 178 403 194 9.
418 187 438 189 —
450 178 574 198 pugnabatur
585 183 595 194 a
607 178 667 195 nobis.
688 177 711 195 Cf.
720 183 746 199 pg.
756 178 765 194 9
775 179 815 194 extr.

159 204 197 225 Cap.
206 205 236 221 20:
253 204 271 221 in
287 204 318 221 his
333 204 393 221 rebus
408 206 504 225 occupato
521 204 610 222 Caesare.
630 205 645 225 3,
654 205 681 225 56,
690 205 707 221 4:
724 205 740 221 in
752 205 777 221 his
789 205 838 222 rebus
850 204 883 221 iere
895 206 932 221 erat

78 231 133 248 Fufius
141 233 237 252 occup-tum
253 231 314 251 3,112,
323 232 340 248 5:
353 231 369 248 in
378 236 433 252 pugna
441 234 533 252 occupatus.
547 241 564 243 —
579 232 597 248 in
610 232 678 249 molem
690 236 711 248 se
723 232 789 249 eiecit.
812 231 837 248 Cf.
846 237 872 253 pg.
880 232 895 248 9.
910 241 931 243 -

78 263 124 279 pars
139 259 205 275 studio
220 258 324 279 spectandi
340 258 448 275 ferebatur.
472 258 496 275 Gi.
509 259 586 279 2,12,1;
604 259 624 275 ad
639 259 711 275 studium
727 259 802 275 audiendi
820 258 899 276 seruntur.
912 270 932 272 —

78 290 124 306 pars
132 299 136 302 .
146 298 149 302 .
158 290 204 306 pars
216 285 280 302 etiam.
300 285 328 306 Ν,
337 286 364 304 32,
374 286 389 302 l:
406 290 440 302 cum
458 290 496 306 pars
512 285 592 302 hominum
608 287 624 302 in
637 286 680 307 agris
692 287 788 305 remaneret,
806 290 843 306 pars
855 286 904 302 etiam
917 286 933 302 in

78 314 133 329 castra
144 312 236 329 ventitaret
246 321 265 324 --
274 312 353 329 multum
362 312 461 333 proficere
469 312 598 329 multitudine
607 312 691 329 telorum
699 313 822 329 videbantur.
840 313 874 332 VII,
881 313 907 333 82,
915 314 932 329 1:

79 339 116 361 plns
128 339 232 356 multitudine
244 339 313 356 telorum
325 339 435 360 proficiebant.
450 349 468 351 —
481 341 588 360 postquam⁴
605 339 628 357 Cl.
637 345 663 361 pg.
672 340 688 356 9.
706 349 728 352 -
746 339 799 356 ultra
812 344 853 356 enm
865 339 932 356 locum.

79 367 91 387 I,
100 367 151 387 49,1.
168 367 183 387 3,
192 367 218 387 66,
227 367 242 383 4.
256 376 274 378 -
288 367 332 383 sine
344 367 410 388 signis
422 367 521 388 certisque
533 367 640 383 ordinibus.
655 366 676 387 11,
688 368 740 386 11,1;
752 367 797 383 nullo
809 368 854 383 certo
866 367 934 385 ordine:

79 394 94 414 3,
105 394 141 414 101,
150 394 168 410 21
181 393 230 410 nullis
243 393 321 411 custodiis
332 398 385 415 neque
397 394 481 410 ordinibus
493 394 547 410 certis,
567 394 625 410 Vocem
638 394 711 414 ‘signum'
724 395 750 414 (υ
761 398 773 410 s.
783 394 861 410 militare:
873 394 934 415 aquila.

79 420 154 437 vexillum
166 421 204 441 etc.)
222 421 265 441 apud
277 421 347 437 Hirtium
363 425 394 437 non
411 420 487 437 inveniesv
501 430 519 433 —
533 420 598 437 scalas
612 425 681 441 rapere
693 420 837 441 properabant.
861 421 933 442 Propero

79 452 92 464 c.
105 448 133 464 inf.
145 447 202 468 11,11,
212 449 226 464 1.
247 448 266 467 V,
278 448 305 467 33,
318 448 333 464 6.
353 449 368 467 2,
381 448 408 467 43,
417 448 432 464 3,
452 448 467 467 3,
477 448 528 467 33,1.
549 448 564 467 3,
573 447 599 467 36,
608 448 623 464 6.
643 457 664 459 -
684 448 789 464 clamorem
809 448 933 464 exaudirent.

81 476 94 495 1,
103 475 129 494 66,
138 475 156 491 2;
169 474 239 491 clamore
251 475 332 491 exaudito.
352 475 373 495 11,
384 476 409 494 11,
418 475 432 491 5.
446 474 473 494 VI,
482 475 508 494 39,
520 475 533 491 l.
546 474 582 495 vn,
591 475 617 495 48,
628 475 641 491 1.
655 476 669 494 1,
679 475 705 494 66,
714 475 729 491 2.
745 475 772 494 81,
781 475 797 491 3.
812 475 827 495 3,
838 475 874 495 105,
884 475 899 491 3.
912 484 933 486 —

79 502 140 518 veriti
153 506 177 518 ne
188 501 211 518 ab
222 502 279 522 tergo
292 501 489 518 circumvenirentur.
507 501 543 522 vn,
552 502 578 521 82,
587 502 605 518 21
617 501 665 518 veriti
677 506 697 518 ne
709 501 729 518 ab
741 501 793 518 latere
801 503 858 522 aperto
867 502 934 518 circum·

81 529 182 548 venirentur;
195 529 221 547 67,
230 529 245 544 6.
258 537 279 540 -
291 529 375 545 omnino.
387 528 411 545 Cf.
424 529 472 549 pg.9.
484 537 506 540 —
517 533 586 549 magno
598 533 656 545 cursu
668 528 761 545 incitati.
770 541 774 545 .
783 529 934 545 contenderunt.

79 555 108 575 111,
119 556 145 576 19,
155 557 172 572 l:
184 555 215 572 hnc
223 560 282 575 magno
291 560 338 572 cursu
346 555 471 575 contenderunt3
488 555 507 571 cs.
518 556 532 575 1,
541 556 568 575 70,
577 556 592 571 4.
604 564 627 567 -
638 560 684 576 pars
695 555 825 572 multitudine
838 556 934 572 hominum

79 584 138 603 atque
150 587 208 599 onere
217 582 315 603 depressa
323 584 359 599 est.
376 583 391 602 2,
400 582 426 602 43,
435 583 453 599 4:
466 584 484 599 ut
492 582 595 598 multitudine
603 584 652 603 atque
660 587 710 599 onere
718 582 790 599 nonnulli
799 583 933 608 deprimerentur.

80 618 98 621 —
113 609 204 626 dubitans
216 609 261 630 quid
274 611 329 626 esset
341 609 455 630 capiendum
468 609 552 625 consilii.
569 608 655 629 111‚24,11
667 609 706 630 quisi
719 609 775 626 hostes
783 609 846 626 consilii
855 611 934 630 caperent

80 636 192 657 exspectabat;
205 636 224 652 cf.
238 636 256 656 V,
266 636 292 656 53,
300 637 316 652 4.
329 645 349 648 -
362 636 471 653 incolumes
483 636 623 653 discesserunt.
643 635 662 656 V,
671 637 698 656 41,
708 637 723 652 6.

160 662 199 684 Cap.
209 664 238 679 21:
258 663 324 680 eodem
336 663 355 680 in
367 663 456 684 periculo
468 664 562 679 versatus
574 664 610 679 est.
633 662 654 683 11,
666 663 692 683 26,
702 664 716 679 5.
736 663 763 683 VI,
773 664 799 683 16,
808 663 823 679 2.
841 672 859 675 -
876 665 932 684 post-

79 694 139 711 quam.
157 689 176 706 cf.
188 695 214 711 pg.
222 690 237 706 9.
251 699 270 702 -
283 690 391 707 universos.
416 690 450 707 Hoc
462 690 477 706 vi
489 689 586 706 substantivi
598 690 641 710 apud
653 689 739 707 Caesarem
752 690 824 710 saepius:
837 690 872 711 vn,
885 691 909 710 17,
919 691 934 707 4.

81 717 131 738 1,18,
139 718 154 733 2.
166 717 193 737 79,
203 718 218 733 4.
233 717 259 737 86,
268 718 283 734 2.
299 717 314 737 2,
323 717 372 737 42,1.
388 717 403 738 3,
412 717 438 737 92,
446 717 461 733 3.
472 726 494 729 -
506 722 570 737 neque
582 717 736 734 administrandi
749 722 811 738 neque
823 717 934 738 repellendi

79 749 90 761 a
101 746 155 760 terra
166 743 256 761 facultas
268 744 354 761 daretur.
374 744 400 764 1v,
409 745 436 764 29,
445 744 464 760 2:
477 748 529 765 neque
541 744 576 760 ulla
588 744 648 761 nostris
661 744 731 761 facultas
739 746 767 760 aut
775 744 899 761 administrandi
907 746 936 761 aut

79 771 168 788 auxiliandi
177 771 251 787 dabatur.
262 780 278 783 -
290 770 332 788 iore
340 771 389 792 qnod
398 771 471 788 accidit
478 771 596 791 suspicatus
603 776 647 788 sese
656 776 677 788 ex
685 771 765 792 navigio
774 771 840 788 eiecit.
852 771 879 791 lv,
887 772 913 791 31,
920 773 935 788 l:

81 797 116 814 iore
128 798 144 814 id
151 798 194 818 quod
206 797 265 814 oceidit
276 798 398 818 suspicabatur:
415 799 429 818 1,
438 798 465 818 40,
474 799 491 814 7;
513 798 607 819 suspicatus
618 798 653 815 fore
665 798 681 815 id
693 798 736 819 qnod
749 798 816 818 accidia
833 798 852 815 cs.
861 798 877 818 3,
886 799 912 819 41,
922 799 937 815 5.

81 824 106 841 De
118 825 147 841 ‘se
160 824 232 841 eieere'
245 824 263 841 eL
276 830 302 846 pg.
313 825 328 841 9.
345 834 367 836 -
385 825 429 841 hinc
444 825 484 841 suis
496 825 635 842 laborantibus
647 825 739 842 subsidio
750 825 836 845 scaphas
848 825 935 842 mittens.

81 851 105 868 Oi.
113 851 134 868 ad
143 851 168 868 Al.
175 852 190 868 1.
202 852 264 873 pg.10.
278 861 295 864 —
310 852 345 868 hot
357 852 434 872 proelio
445 852 556 869 desiderati
566 853 616 869 sunt.
638 853 652 873 1,
661 853 687 873 51,
696 852 713 868 6:
730 852 818 868 desiderati
826 853 865 868 sunt
872 857 891 869 eo
900 852 936 872 die:

81 878 117 899 vn,
126 879 153 898 51,
162 879 177 895 4⁴
194 879 209 899 3,
218 879 244 899 53,
253 879 267 895 2,
285 879 312 899 71,
322 880 335 895 1.
352 879 379 899 99,
389 880 406 899 1ς
418 879 477 900 ubique
489 879 546 896 eodem
557 884 611 899 sensu,
623 884 661 900 qno:
674 879 763 900 ‘requirere
775 879 833 900 alqm.’.

162 905 303 926 Super-vacaneum
321 911 339 922 ex
357 906 377 922 iis
392 911 439 926 quae,
457 910 477 922 ne
491 906 550 927 longus
564 906 599 926 sim,
617 906 664 923 omisi
680 906 760 926 capitibus
772 906 846 927 exempla
858 906 935 923 dictionis

81 932 190 949 Caesarianae
202 932 283 953 colligere,
296 933 327 950 etsi
339 938 359 949 ea
370 932 446 949 facillime
458 932 512 950 afferri
525 934 597 953 possunt.
618 932 658 949 Nam
671 937 690 949 ex
702 932 759 949 tabula
771 932 835 953 prolata
843 933 883 949 satis
892 933 936 949 clare

81 961 99 976 et
110 960 181 976 dilucide
192 961 265 980 apparet.
278 960 370 981 opinionem
382 965 434 976 meam
446 960 466 976 de
479 960 572 977 ‘novissimo
580 959 675 980 imperfecto
684 960 804 976 commentario’
817 959 892 976 Caesaris
904 964 936 977 non

80 991 102 1003 ex
113 991 154 1003 vano
166 987 226 1003 iudicio
238 986 331 1008 proiectam.
349 987 429 1008 simulque
447 992 466 1003 ex
481 987 537 1003 eadem
552 987 638 1008 perspicue
653 987 710 1005 elucet,
729 991 776 1007 quam
789 987 805 1003 in
817 987 843 1003 his
855 987 936 1007 capitibus

80 1013 200 1034 perscribendis
215 1014 294 1030 rationem
309 1014 324 1030 in
337 1014 401 1030 delectu
413 1014 498 1030 verborum
511 1014 582 1030 tenuerit
594 1016 655 1030 auctor.
679 1014 766 1030 Praevalet
777 1014 820 1030 enim
832 1018 885 1030 sermo
897 1014 936 1030 belli

80 1041 117 1060 civ„
131 1041 155 1057 ita
166 1042 226 1061 temen,
242 1042 261 1057 ut
272 1045 292 1057 ex
303 1040 342 1057 belli
355 1041 393 1061 gall.
405 1040 451 1057 libris
463 1040 470 1057 1
482 1042 500 1057 et
512 1040 542 1057 VII
554 1041 631 1057 nonnulla
643 1041 717 1061 exempla
728 1041 769 1061 (59),
784 1045 803 1057 ex
816 1041 862 1057 libris
873 1040 935 1057 II—VI

80 1072 112 1088 pro
130 1067 240 1088 magnitudine
257 1067 343 1084 admodum
361 1072 443 1089 perpauca
454 1068 496 1088 (67),
514 1072 534 1084 ex
551 1067 594 1084 bello
607 1068 636 1084 civ.
650 1068 681 1084 109
699 1068 715 1084 in
734 1072 807 1088 eampum
824 1069 882 1084 vocata
897 1068 935 1084 sint.

80 1094 128 1114 Quod
146 1099 177 1111 non
195 1095 258 1111 1111111111.
280 1094 316 1111 Etsi
331 1095 374 1111 enim
389 1095 482 1115 scriptores,
496 1099 528 1115 quo
540 1095 604 1115 longius
616 1095 742 1115 progrediuntur
753 1095 770 1111 in
782 1095 897 1115 componendo,
916 1099 936 1111 eo

80 1121 139 1138 melius
157 1121 280 1142 elegantiusque
297 1122 368 1139 scribere
386 1122 443 1141 solent,
461 1123 515 1138 tamen
529 1121 614 1138 Caesarem
629 1122 650 1138 ab
664 1122 731 1138 lundata
742 1121 771 1138 illa
782 1122 869 1142 elegantia,
887 1126 936 1142 quam

80 1148 122 1165 nihil
140 1148 184 1164 alind
202 1149 233 1165 nisi
250 1149 367 1169 proprietatem
386 1149 449 1165 dicendi
467 1149 530 1165 delectu
543 1148 628 1165 verborum
639 1148 713 1165 effectam
725 1148 843 1169 Woelfflinus¹)
855 1149 935 1169 exposuit,

79 1175 134 1195 magis
145 1175 229 1196 magisque
241 1180 273 1196 quo
285 1176 351 1196 propius
363 1175 384 1192 ad
395 1175 443 1192 finem
451 1175 531 1192 scribendi
540 1175 633 1196 accedebat,
644 1177 727 1196 tamquam
735 1180 765 1196 per
773 1175 833 1196 gradus
841 1176 936 1193 discessisse

79 1201 185 1219 manii'estum
203 1204 232 1218 est.
256 1202 296 1219 Nam
314 1207 392 1219 summam
405 1202 479 1219 Caesaris
493 1202 591 1223 elegantiam
605 1202 621 1219 in
636 1202 682 1219 libris
698 1202 719 1219 de
730 1202 745 1218 b.
758 1202 795 1223 gall.
808 1202 868 1219 II—VI
880 1203 936 1223 vigere

80 1228 214 1250 DeruesehecK')
228 1229 352 1250 diligentissime
367 1229 446 1246 delectum
459 1230 543 1246 verborum
556 1229 640 1250 utriusque
652 1229 706 1250 operis
718 1231 830 1250 perscrutatus
842 1232 887 1246 reete
899 1234 936 1250 per-

79 1256 137 1277 spexit
154 1256 228 1277 idemque
246 1256 346 1277 aliqnantum
365 1257 396 1273 iam
414 1256 526 1277 neglegentius
541 1256 600 1273 fluente
615 1256 709 1273 narratione
724 1256 740 1272 in
753 1256 794 1273 libro
806 1256 837 1273 V11
854 1257 936 1277 (similiter

163 1314 174 1331 ι)
184 1314 233 1328 Archiv
244 1314 253 1328 1.
263 1314 287 1328 ιιι.
297 1314 368 1331 Lenem.
378 1314 411 1328 vm
421 1318 444 1332 μς,
452 1314 481 1328 113.
491 1322 508 1324 -
517 1314 529 1332 2)
539 1314 559 1328 ne
569 1314 638 1332 elemu-
647 1314 717 1328 eum-za:
726 1314 759 1328 din.
768 1314 814 1332 Low.
826 1314 866 1328 1903.
